2674 4558
535 257 786 316 FRAGMENTA.
1169 245 1210 311 ll

165 378 198 442 2.
221 385 367 454 quaedam
378 389 470 442 terrae
481 384 617 442 imbribus
627 387 756 442 sicciores
768 385 847 457 fiunt,
857 388 934 443 velut
941 387 1124 444 inNarniensi
1132 405 1211 461 agro,

100 462 175 532 qued
185 461 376 516 Admirandis
393 462 451 518 suis
465 463 583 518 inseruit
593 463 633 518 M.
647 462 759 534 Cicero,
771 465 897 520 siccitate
909 466 997 520 lutum
1008 465 1070 522 fieri
1081 467 1211 538 prodens,

103 530 190 586 imbre
202 531 359 601 pulverem.
395 529 529 586 Plinius
541 531 577 590 N.
590 531 627 586 H.
639 531 751 588 XXXI.
764 533 789 604 §-
802 535 845 589 51.

166 601 200 666 3.
222 608 298 663 haec
310 611 406 663 antem
417 607 569 680 (mustela),
586 625 658 681 quae
675 610 706 665 in
718 609 845 666 domibus
857 611 957 666 nostris
969 610 1081 667 oberrat
1092 615 1121 665 et
1136 615 1213 666 catu·

104 687 145 742 los
160 701 237 767 suos,
253 689 288 738 ut
298 689 397 768 auctor
413 691 456 741 est
471 683 568 768 Cicero
569 725 581 768 7
599 687 703 742 cotidie
719 687 853 745 transfert
868 692 1011 760 mutatque
1028 687 1135 758 sedem,
1157 703 1213 744 ser·

105 759 198 828 penas
209 759 399 824 persequitur.
433 754 526 810 Idem
536 755 606 810 ibid.
618 755 729 811 XXIX.
743 757 769 828 ᾗ.
781 757 826 813 60.

168 826 202 889 4.
227 829 349 886 feminas
366 831 455 886 omnis
471 832 575 902 ubique
589 832 653 888 visu
668 850 784 905 nocere,
800 849 872 906 quae
884 833 1010 905 duplices
1026 832 1148 904 pupillas
1164 831 1213 886 ha-

107 909 180 964 bean
217 905 440 1030 Cicerffumue
452 909 527 981 apud
543 927 593 965 nos
605 914 703 965 auctor
714 915 765 966 est
800 911 895 966 Idem
910 910 981 966 ibid.
992 910 1058 968 VII.
1071 909 1095 980 ξ.
1109 909 1151 965 18.
1164 908 1212 979 (of.

108 976 182 1033 Geli.
229 977 284 1030 .A.
343 977 389 1046 ,4,
402 978 438 1046 8.)

173 1047 206 1111 5.
230 1052 261 1106 in
272 1069 345 1108 nuce
360 1052 496 1108 inclusam
507 1053 599 1109 iliada
609 1053 725 1110 Homeri
743 1071 854 1110 carmen
864 1054 895 1109 in
906 1055 1068 1111 membrana
1080 1053 1213 1126 seriptum

108 1129 196 1186 tradit
208 1127 318 1184 Cicero.
354 1129 446 1185 Idem
456 1130 525 1185 ibid.
538 1130 563 1202 ἓ.
575 1131 619 1187 85.

175 1201 208 1264 6.
231 1207 308 1261 idem
332 1205 430 1262 Cicero
451 1208 538 1264 tradit
553 1207 640 1264 fuisse
657 1208 705 1280 qui
728 1208 887 1280 pervideret
910 1227 1002 1265 cxxxv.
1019 1229 1047 1264 ir.
1072 1225 1212 1280 passuum.

108 1285 205 1366 Idem
216 1283 287 1339 ibid.
310 1281 366 1366 .⁰f·
379 1282 438 1340 (iic.
450 1285 539 1367 Aead.
551 1285 590 1353 H,
602 1285 650 1366 St:
666 1285 728 1340 ‘ille
739 1285 833 1340 neseio
845 1285 902 1367 quI,
915 1285 962 1356 qui
973 1284 1003 1339 in
1014 1285 1115 1340 scholis
1126 1283 1213 1339 nomi·

107 1369 170 1409 nan
184 1353 267 1422 solet,
279 1353 356 1408 mule
369 1357 398 1408 et
408 1357 550 1425 octoginta
561 1354 652 1408 stadie
663 1353 738 1424 quod
750 1352 862 1408 abesset
871 1353 1004 1408 videbat!

174 1423 209 1489 7.
231 1429 272 1484 M.
289 1428 399 1484 Tullius
416 1426 512 1484 Cicero
527 1429 608 1485 testis
628 1434 672 1485 est
686 1429 843 1486 Romanum
863 1429 949 1485 fuisse
969 1429 1058 1486 civem
1077 1428 1214 1486 Naevium

106 1507 349 1630 ffilhpnpmpede
358 1507 511 1581 longiorem
520 1523 604 1578 quam
615 1523 782 1584 quemquem
790 1507 989 1580 longissimum.
1025 1506 1215 1564 Columella

154 1617 207 1711 ³8'.
231 1615 330 1706 lliecro
345 1652 526 1724 Amyclarum
541 1653 647 1708 incolae
667 1657 783 1725 propter
797 1652 913 1708 nimiam
928 1649 1092 1710 modestiam
1107 1651 1213 1724 perisse

106 1730 170 1853 uAite,n
169 1730 240 1852 dnxm
247 1745 302 1852 ἕω
281 1726 405 1784 finitimis
416 1729 558 1801 accipiunt
568 1729 683 1785 iniurias
696 1735 724 1785 et
735 1735 830 1786 tacent
841 1746 897 1786 aas.
929 1729 1068 1787 Servius
1080 1731 1118 1786 ad
1128 1729 1210 1803 Virg.

214 1837 280 1921 Iloe
290 1837 477 1947 fragmentum
489 1883 507 1922 a
517 1883 562 1922 me
574 1866 700 1948 additum
711 1872 821 1950 poterat
829 1868 917 1950 etiam
928 1868 965 1922 ad
975 1865 1213 1940 chorographiam

249 1932 362 2005 refem3
374 1940 418 1990 est
428 1941 522 1990 autem
533 1952 644 1990 omnmo
656 1935 758 1992 dubiae
770 1934 845 1992 fider.
872 1935 922 1992 On.

405 2087 485 2145 XIV.
520 2087 715 2147 PLATONIS
734 2088 916 2148 TIMAEUS.

162 2192 241 2248 Vide
254 2191 306 2247 vol.
319 2191 399 2248 VIII.
412 2209 440 2263 p.
453 2191 504 2247 131
516 2207 577 2264 sqq.

131 2362 193 2422 XV
194 2404 201 2417 .
236 2359 329 2419 LOCI
345 2359 678 2421 PHILOSOPHORUM
696 2360 937 2421 GRAEOORUM
953 2362 982 2418 A
999 2359 1187 2418 CICERONI.

430 2447 474 2505 IN
488 2447 672 2506 LATINUM
689 2445 889 2506 CONVERSI.

355 2576 385 2618 a·
419 2575 460 2618 EX
476 2575 625 2620 emotus
642 2574 800 2619 Aronoem
817 2573 972 2616 sectante.

1 2699 2 2718 ,
167 2654 251 2710 radit
260 2653 291 2708 in
306 2655 424 2709 eundem
441 2669 581 2710 semerom
597 2658 682 2722 etque
698 2653 729 2708 in
740 2653 860 2708 eundem
870 2650 969 2723 paucis
985 2653 1049 2722 post
1060 2649 1140 2706 anuis
1152 2666 1213 2722 soy-

1 2729 2 2744 ¹
111 2723 201 2794 phem
216 2721 358 2803 Socrates,
369 2723 474 2804 ,eodem
484 2724 595 2804 ‚scelere
610 2722 734 2803 iudicum
749 2736 804 2846 ‹pro
819 2725 999 2792 tyrannorum
1014 2719 1213 2775 Theramenes.

111 2807 185 2862 qnae
198 2795 243 2846 est
253 2795 340 2863 igitir
352 2806 411 2846 erus
422 2795 519 2861 oratio,
532 2807 588 2861 qua
599 2791 669 2846 facit
680 2805 744 2844 eum
779 2790 837 2846 leto
849 2793 888 2861 (p.
899 2789 943 2845 40.
956 2789 1001 2844 ed.
1014 2788 1121 2860 Steph.)
1133 2806 1214 2844 usum

111 2869 191 2942 apud
202 2867 309 2924 iudices
320 2866 378 2922 iam
393 2871 481 2922 morte
492 2866 658 2922 multatum?
682 2883 802 2948 magna
830 2884 882 2928 me
903 2865 996 2936 inquit
1016 2883 1089 2948 spes
1115 2872 1213 2937 tenet,

113 2947 253 3025 iudices,
270 2947 353 3013 bene
371 2945 449 3011 mihi
467 2946 611 3024 evenire,
629 2947 716 3031 quod
731 2947 841 3013 mittar
858 2947 899 3012 ad
915 2959 1066 3025 mortem3
1083 2968 1214 3014 neeesse

113 3043 163 3099 est
181 3033 268 3098 enim
286 3033 327 3097 sit
345 3032 479 3098 alterum
497 3033 536 3097 de
555 3032 691 3109 duobus,
709 3044 746 3097 ut
763 3043 819 3098 aut
836 3054 949 3098 sensus
963 3031 1093 3098 omnino
1111 3031 1214 3096 omnis

114 3140 202 3183 mors
225 3117 351 3184 auferat
372 3129 429 3182 aut
450 3119 484 3182 in
505 3117 603 3182 alium
621 3118 782 3203 quendam
804 3118 911 3184 locum
929 3140 971 3184 ex
987 3115 1038 3182 his
1059 3115 1138 3180 locis
1155 3116 1216 3180 mi-

114 3215 237 3290 gretur.
281 3225 379 3288 quam
400 3203 442 3267 ob
464 3226 546 3279 rem,
565 3203 632 3268 sive
654 3225 767 3270 sensus
785 3203 1000 3290 exstinguitur
1016 3221 1167 3285 morsque
1185 3201 1216 3265 ei

116 3310 230 3355 somno
244 3287 354 3354 similis
369 3299 428 3364 est,
446 3288 502 3372 qui
514 3309 577 3354 non
590 3309 777 3372 numquam,
796 3289 892 3354 etiam
905 3289 973 3354 sine
987 3285 1064 3354 visis
1078 3286 1216 3352 somnio-

115 3395 203 3451 rum,
230 3372 479 3460 placatissimam
505 3374 644 3458 quietem
663 3374 781 3452 adfert,
808 3374 841 3438 di
860 3373 951 3451 boni,
974 3372 1052 3458 quid
1069 3373 1152 3438 lucri
1168 3383 1218 3437 est

116 3457 232 3526 emoril
260 3471 317 3524 aut
338 3481 436 3543 quam
457 3459 549 3523 multi
572 3459 639 3524 dies
662 3458 793 3545 reperiri
818 3469 967 3544 possunt,
985 3458 1041 3543 qui
1059 3459 1114 3524 tali
1131 3456 1218 3524 noeti

116 3556 362 3631 anteponantur,
381 3544 434 3610 cui
452 3543 479 3609 si
493 3543 603 3608 similis
620 3543 731 3609 futura
742 3556 792 3610 est
808 3545 1005 3630 perpetuitas
1021 3544 1124 3611 omnis
1141 3565 1218 3610 oon·

118 3630 282 3716 sequentis
299 3629 466 3717 temporis,
484 3630 556 3714 quis
574 3652 626 3696 me
643 3629 784 3695 beatior?
810 3629 861 3696 sin
883 3652 960 3696 vera
977 3641 1052 3696 sunt
1069 3651 1152 3714 quae
1169 3629 1219 3693 di·

117 3727 250 3796 cuntur,
276 3716 501 3804 migrationem
524 3737 594 3781 esse
615 3725 750 3781 mortem
773 3715 880 3782 ineas
904 3737 991 3794 ores,
1017 3736 1099 3800 quas
1121 3713 1217 3797 quie

118 3803 186 3870 vita
207 3813 414 3870 excesserunt
435 3801 592 3878 incolunt,
618 3799 653 3866 id
673 3801 774 3867 multo
796 3801 861 3868 iam
884 3802 1010 3870 beatius
1032 3812 1089 3866 est.
1133 3809 1217 3874 tene,

118 3910 193 3956 eum
211 3887 325 3965 abiis,
347 3886 456 3974 quise
476 3886 619 3954 iudicum
636 3908 769 3955 numero
786 3887 898 3955 haberi
920 3887 1046 3962 volunt,
1069 3881 1218 3958 evaseris,

118 3974 161 4039 ad
179 3997 234 4041 eos
252 3974 377 4051 venire,
399 3973 456 4060 qui
477 3995 552 4039 vere
574 3971 696 4038 iudices
718 3971 934 4059 appellentur,
951 3970 1111 4044 Minoem,
1129 3965 1219 4032 Rha·

119 4061 344 4139 damanthum,
364 4060 522 4136 Aeacum,
541 4058 791 4144 Triptolemum,
814 4055 1047 4138 convenireque
1070 4074 1141 4133 eos,
1162 4052 1219 4138 qui
