2674 4558
159 257 200 322 68
501 268 539 323 Μ.
559 267 694 324 TULLII
713 264 911 323 CICERONIS

157 389 195 445 sit
224 387 469 445 sedrmelaudari
479 387 527 442 ille
542 386 650 442 virumn
681 391 767 457 otest,
783 384 1097 441 nisihaecomatasint
1121 386 1197 454 quod
1210 386 1266 440 ille

158 430 207 528 ea:
243 474 296 515 aaa
307 474 381 513 nunc
392 462 469 538 sunt2
485 461 514 511 et
529 455 622 510 futura
633 405 734 510 vigerii
746 459 775 510 et
790 469 826 510 nc
836 452 936 509 fierent
952 427 1124 536 contenderit
1136 459 1165 509 et
1179 453 1266 534 facta

157 543 193 582 ne
204 527 233 581 ri
253 532 312 582 eret
323 527 408 581 vitam
419 525 471 580 reh
490 524 574 580 uerit:
591 524 689 580 horum
707 522 775 595 quid
787 523 914 591 estquod
926 521 1027 577 Aledio
1038 522 1157 594 probare
1168 538 1264 594 poser-

158 595 238 650 mus?
262 592 447 651 ciaconio.
490 591 528 664 11,
539 593 566 661 4,
578 593 603 646 2.

221 674 254 738 4.
276 675 346 735 uam
357 695 401 735 me
414 677 526 748 quidem
538 677 668 748 delcetat,
680 677 731 732 sed
743 675 826 732 etiam
831 675 949 730 Bassum
954 674 1093 730 Lucilium
1105 690 1163 730 sua.
1188 673 1264 730 Oic.

158 757 196 812 ad
206 757 266 810 Att.
278 755 347 827 XII,
359 757 385 826 5,
396 756 422 809 2.

222 835 254 900 5.
276 841 368 912 qualis
379 840 474 896 mama
485 840 522 894 sit
534 838 662 896 Caesaris
673 840 840 911 vituperatio
852 844 947 894 contra
958 837 1145 893 laudationem
1157 854 1263 902 meam,

157 917 286 1000 perspexi
299 934 332 973 ex
344 933 377 973 eo
387 917 468 1000 libro,
481 931 564 1000 quem
575 915 684 999 IIirtius
696 918 733 999 ad
743 933 787 972 mc
799 915 887 999 misit,
898 915 928 970 in
940 931 995 986 quo
1007 915 1069 970 colli
1092 915 1114 969 't
1124 915 1192 970 vitia
1205 913 1263 970 Ca-

157 991 239 1055 tone,
251 986 302 1041 sed
314 1002 376 1041 cum
387 1001 513 1041 mamm1s
525 985 655 1040 laudrbus
666 1002 744 1040 meu.
781 982 847 1039 Cre.
860 985 897 1039 ad
908 983 968 1039 Aa.
980 982 1047 1052 XII,
1059 986 1075 1037 4
1095 1025 1103 1053 ,
1115 984 1140 1037 1.
1153 984 1195 1052 41,
1209 985 1237 1037 4.

159 1075 161 1082 ’
224 1066 255 1130 6.
276 1070 351 1126 illius
363 1070 477 1141 librum,
495 1085 577 1141 quem
588 1069 715 1141 (Hirtius)
728 1070 765 1124 ad
780 1085 824 1124 me
841 1065 1094 1138 manducamus,
1110 1073 1264 1140 propterea

158 1148 220 1204 volo
232 1145 370 1219 divolgari
380 1163 398 1201 a
409 1147 478 1216 tuis,
494 1152 526 1202 ut
542 1164 575 1204 ex
592 1147 707 1203 istorum
717 1146 920 1219 vituperatione
931 1145 968 1200 sit
978 1145 1052 1200 illius
1063 1144 1150 1201 manr
1160 1146 1262 1200 lauda-

158 1216 206 1271 tio.
243 1215 310 1270 Cic.
324 1215 361 1270 ad
371 1215 432 1270 Att.
443 1215 512 1284 XII,
523 1215 567 1284 44,
581 1216 605 1269 1.
1327 1231 1328 1254 ι

224 1296 255 1359 7.
277 1300 347 1370 quid
362 1316 432 1372 opus
448 1304 491 1356 ast
507 1299 754 1370 παρακινδυνεύειν
770 1298 879 1369 (litteris
905 1296 1036 1354 suasoriis
1056 1298 1094 1353 ad
1110 1296 1263 1353 Caesarem

159 1377 342 1460 centenum?
358 1377 521 1459 praesertim
532 1395 595 1433 cum
605 1377 675 1460 illud
687 1382 821 1446 occurrat,
837 1377 929 1458 illum,
942 1393 1004 1433 cum
1016 1380 1100 1432 antea
1110 1375 1179 1432 nihil
1191 1379 1261 1458 scri-
1291 1441 1296 1448 ¹

158 1462 275 1517 psenm,
293 1449 510 1546 emstrmaturum
526 1463 571 1530 mc
583 1447 638 1501 nisi
651 1451 710 1501 toto
721 1446 795 1502 bello
807 1446 959 1515 (Parthico)
971 1443 1096 1526 confecto
1108 1444 1178 1527 mhrl
1189 1462 1260 1534 scm·
1328 1456 1329 1538 γ

158 1513 898 1656 tillut{iiiiatiutillioiiiiii,liiilue
913 1513 967 1568 ¹¹⁰⁰
983 1510 1261 1583 ‘'mmmmm“
1328 1539 1329 1622 ἕ

224 1663 255 1728 8.
277 1668 335 1738 legi
354 1664 491 1736 (Caesaris
511 1665 548 1722 ad
568 1659 697 1735 Balbum)
718 1667 876 1737 epistolam:
897 1667 983 1722 multa
1004 1667 1039 1722 de
1059 1684 1121 1723 meo
1142 1667 1259 1737 Catone,
1328 1645 1329 1652 ¹

159 1759 243 1815 quem
265 1742 426 1866 coegissime
445 1743 564 1826 legendo
585 1760 615 1800 se
635 1744 705 1799 dicit
724 1743 905 1816 copiosiorem
921 1743 1034 1815 factum,
1056 1743 1136 1800 Bruti
1152 1743 1259 1802 Catone

158 1814 231 1869 lecto
243 1828 273 1866 ae
285 1828 310 1866 si
329 1828 439 1866 rursum
451 1811 591 1867 disertum.
628 1810 695 1868 Gne.
708 1811 745 1866 ad
756 1813 816 1868 Att.
828 1811 911 1884 XIII,
922 1812 966 1883 46,
978 1813 1004 1868 2.

223 1901 254 1966 9.
277 1922 339 1961 cum
351 1905 458 1976 aliquid
469 1907 505 1962 de
516 1906 645 1978 utilitate,
661 1907 814 1978 honestate,
827 1908 970 1978 aequitate
987 1907 1130 1964 disseritur
1141 1907 1211 1963 deve
1222 1907 1259 1960 iis

158 1983 255 2067 rebust
271 1998 344 2053 quae
355 1981 399 2037 his
410 1986 475 2037 sunt
490 1983 657 2054 contrariae,
673 1984 817 2040 incurrunt
827 1989 916 2040 status
927 1989 977 2039 aut
987 1985 1054 2040 iuris
1065 1990 1115 2040 aut
1126 1983 1257 2052 nominis3

159 2052 234 2123 quod
244 2051 320 2106 idem
331 2051 467 2122 contingit
476 2051 507 2106 in
517 2051 735 2109 laudationibus:
751 2069 817 2108 nam
828 2058 878 2108 aut
889 2053 986 2125 negari
1002 2057 1095 2124 potest
1105 2053 1136 2108 id
1151 2052 1257 2107 factann
1329 2087 1330 2108 2

159 2137 229 2189 esse,
242 2120 317 2189 qnod
333 2119 473 2188 laudetur,
490 2125 541 2175 aut
554 2137 611 2176 non
626 2137 659 2176 eo
671 2121 781 2176 uomica
793 2121 991 2192 adficiendum,
1003 2136 1059 2191 qno
1069 2123 1196 2176 laudator
1207 2122 1256 2174 ad-

158 2189 265 2257 fecerit,
277 2192 327 2242 aut
338 2187 447 2244 omnino
458 2204 513 2244 non
525 2204 585 2244 esse
597 2188 748 2260 laudabile,
764 2191 839 2260 quod
850 2207 905 2245 non
916 2195 1002 2258 recte,
1014 2207 1069 2246 non
1080 2191 1140 2245 iuro
1151 2189 1257 2244 factum

159 2257 209 2328 sit3
221 2257 324 2327 quibus
336 2255 462 2312 omnibus
474 2257 623 2329 generibus
633 2275 700 2312 usus
712 2263 755 2314 est
765 2258 847 2313 nimis
858 2259 1033 2332 impudenter
1046 2256 1149 2313 Caesar·
1160 2264 1256 2313 contra

159 2324 292 2381 Catonem
303 2341 403 2380 mcum.
439 2323 627 2398 Cic.'I¹op.§.
640 2327 683 2382 94.
1330 2375 1331 2382 ,

225 2405 276 2470 10.
299 2411 360 2482 ipse
373 2407 470 2466 Cicero
486 2412 524 2466 ad
533 2411 651 2467 Brutum
662 2412 704 2467 ita
714 2412 812 2469 scribit
829 2412 964 2467 t‘veritus
981 2411 1097 2468 fortasse
1114 2427 1149 2466 ne
1164 2427 1214 2466 nos
1226 2411 1256 2465 in
1330 2385 1331 2424 1

160 2487 293 2544 Catonem
304 2491 427 2544 nostrum
437 2487 647 2545 transferremus
659 2489 730 2544 illm
741 2489 808 2554 mali
819 2489 895 2560 qnid¹
902 2489 954 2544 etsi
964 2493 1156 2562 argumentum
1167 2487 1256 2542 simile

158 2574 214 2613 non
226 2557 307 2612 erat'.
343 2555 578 2621 Quintilianus
589 2558 625 2627 V,
638 2558 682 2629 10,
694 2559 719 2614 9.
744 2545 787 2613 Cf.
800 2575 885 2630 supra
895 2575 923 2630 p.
935 2557 978 2613 45.
991 2575 1018 2612 n.
1031 2558 1056 2612 3.

226 2639 277 2702 11.
302 2641 340 2696 Μ.
354 2640 494 2699 Ciceronis
509 2642 594 2714 libro,
616 2658 671 2714 quo
689 2642 822 2701 Catonem
838 2643 915 2698 caelo
932 2642 1076 2713 aequavit,
1097 2642 1164 2711 quid
1180 2641 1257 2696 aliud

159 2719 279 2774 dictatm
290 2716 489 2799 Quemquam
500 2722 584 2776 reseri
605 2720 782 2802 taoratione,
794 2719 870 2774 velut
878 2718 957 2840 ἓροᾶ
967 2717 1082 2786 iudices,
1094 2718 1256 2788 respondit?

160 2783 548 2858 CremutiusGordusap.
587 2787 866 2856 amtumAnmI-IV,
914 2825 921 2838 .

225 2875 277 2938 12.
300 2883 402 2952 ἔγραψε
417 2887 544 2951 Κικέρων
564 2885 702 2954 ἐγκώμιον
717 2883 850 2938 Κάτωνος
871 2878 959 2948 ὄνομα
981 2877 1115 2950 τῷλόγῳ
1136 2880 1256 2945 &iussos
1330 2939 1331 2942 Ἴ

158 2957 292 3011 Κάτωνα·
309 2960 355 3008 καὶ
372 2955 483 3014 πολλοῖς
496 2955 510 3012 ὁ
522 2957 603 3030 λόγος
618 2949 653 3026 ἦν
664 2957 710 3011 διὰ
722 2955 856 3022 σπουδῆς,
873 2953 910 3013 aie
922 2955 1007 3044 stuic,
1023 2953 1081 3011 άπὸ
1098 2960 1149 3010 τοῦ
1167 2955 1256 3013 δεινο-

159 3027 245 3080 τάτου
265 3028 324 3078 τῶν
344 3025 470 3098 ῥητόρων
490 3027 528 3082 εἰς
547 3025 599 3092 τὴν
618 3025 761 3092 καλλίστην
782 3030 968 3095 πεποιημένος
986 3025 1137 3080 scoacum.
1168 3031 1253 3081 τοῦτο

159 3094 224 3160 ἠνία
234 3099 361 3160 Καίσαρα
372 3099 538 3166 κατηγορίαν
550 3092 636 3148 αὑτοῦ
648 3098 798 3164 νομίζοντα
810 3091 862 3147 τὸν
873 3097 924 3147 τοῦ
936 3094 1108 3158 τεθνηκότος
1120 3092 1154 3148 δι’
1168 3094 1254 3150 αὐτὸν

159 3167 286 3216 ἔπαινον.
325 3163 389 3234 ἔγρα
414 3181 444 3214 εν
465 3151 517 3214 οὖν
533 3160 636 3217 πολλάς
651 3163 728 3218 τινας
744 3161 814 3215 κατά
826 3165 876 3216 τοῦ
889 3163 1022 3218 Κάτωνος
1034 3163 1123 3219 αἰτίας
1139 3182 1253 3235 ουναγιι·

158 3230 233 3302 γάν·
250 3229 284 3283 τὸ
296 3227 327 3282 δι’
337 3177 449 3296 βιβλίον
462 3229 626 3283 Ἀντικάτων
638 3233 844 3303 ἐπιγέγραπται.
881 3236 928 3284 καὶ
941 3229 1117 3288 σπουδαστάς
1128 3233 1181 3299 ἔχει
1196 3236 1254 3285 τῶν

159 3298 251 3369 λόγων
262 3298 390 3368 ἑκάτερος
402 3295 446 3349 διὰ
459 3303 583 3369 Καίσαρα
600 3303 645 3350 καὶ
657 3300 777 3351 Κάτωνα
791 3297 918 3355 πολλούς.
953 3299 1161 3354 Plutarchus
1173 3297 1252 3354 Caes.

160 3383 183 3420 o.
202 3366 245 3420 54.
286 3363 428 3433 ὁΚαῖοαρ,
448 3363 487 3421 οἱς
507 3363 580 3422 εἶδον
600 3363 687 3420 αὐτὸν
706 3364 887 3438 (Ciceronem)
909 3366 980 3422 πολά
1005 3367 1062 3438 πρὸ
1084 3371 1143 3422 τῶν
1166 3366 1254 3421 ἄλλων

159 3435 338 3496 ἀπαντῶντα,
351 3437 453 3502 κατέβη
461 3440 507 3486 καὶ
518 3433 662 3500 ἠσπάσατο
672 3442 718 3488 καὶ
728 3435 919 3508 διαλεγόμενος
926 3437 1006 3506 μόνῳ
1016 3441 1124 3502 συχνῶν
1134 3433 1253 3490 σταδίων

160 3499 227 3554 ὁδὸν
240 3499 392 3570 προῆλθεν.
428 3505 458 3554 ἐκ
471 3499 501 3556 δὲ
512 3503 615 3556 τούτου
628 3500 740 3557 διετέλει
751 3508 839 3570 τιμιῑιν
851 3510 897 3558 καὶ
909 3503 1079 3576 φιλοφρονοά
1102 3524 1170 3569 avos,
1183 3501 1254 3558 ὥστε

159 3577 206 3624 καὶ
216 3569 356 3642 γράψοντι
371 3567 455 3641 λόγον
473 3569 608 3643 ἐγκώμιον
619 3572 752 3628 Κάτωνος
767 3571 946 3645 ἀντιγράφων
962 3572 1014 3628 τόν
1029 3594 1060 3626 τι
1088 3574 1156 3645 άγον
1167 3571 1252 3626 αὐτοῦ

160 3644 207 3692 καὶ
222 3637 275 3692 τὸν
290 3640 356 3704 βίον
371 3633 410 3722 αἱρ
423 3637 541 3704 μάλιστα
560 3642 602 3707 τῷ
618 3639 780 3711 Περικλέους
797 3640 908 3696 ἐοικότα
925 3646 971 3694 καὶ
988 3645 1163 3710 θηραμένους
1178 3645 1253 3696 ἐπαι-

159 3714 226 3760 νεῖν.
262 3703 277 3760 ὁ
297 3708 350 3774 μὲν
370 3724 422 3758 ουν
441 3711 597 3763 Κικέοωνος
616 3708 697 3778 λόγος
717 3710 827 3773 Κάτων,
849 3707 864 3764 ὁ
885 3707 916 3762 δι’
936 3715 1073 3780 Καίσαρος
1086 3705 1253 3764 Ἀντικάτων

159 3779 368 3849 ἐπιγέγραπται.
404 3773 497 3830 Idam
508 3759 566 3830 1110.
580 3792 603 3832 u.
617 3776 660 3832 39.

124 3867 134 3885 “
225 3854 275 3920 13.
300 3856 403 3916 Caeam
417 3859 491 3916 bollo
508 3860 582 3917 cirili
597 3862 709 3934 cognita
720 3860 832 3920 Calanta
843 3867 944 3934 morte,
961 3863 1038 3919 cutus
1050 3863 1179 3918 virtutem
1195 3862 1252 3917 dia-

158 3939 223 4009 logo
234 3938 292 4008 illo,
305 3937 349 3994 cui
359 3937 443 3993 Insani
463 3937 500 3993 sit
516 3936 616 4022 ‘Cetos
634 3937 730 3995 Cicero
742 3939 826 3996 etiam
841 3939 974 4007 laudavit,
990 3939 1075 3996 libros
1088 3940 1156 3995 duos
1167 3938 1252 3994 famo-

159 4007 281 4061 sissimos
296 4007 327 4062 in
338 4006 423 4062 vitam
475 4006 549 4062 tonis
566 4007 661 4078 enuit,
678 4023 747 4079 quos
763 4007 944 4064 Anticatones
959 4007 1107 4078 inscripsit.
1145 4006 1251 4063 Schol.

159 4075 187 4126 in
204 4074 297 4129 Iuvcn.
316 4075 372 4144 VI,
388 4075 447 4130 383.
484 4072 652 4147 (maiorem,
670 4091 754 4146 quam
766 4082 829 4132 sunt
841 4077 895 4132 duo
908 4073 1033 4132 Caesaris
1046 4075 1252 4144 Anticatones.)
