2674 4558
143 261 189 326 42
494 271 532 325 M.
552 270 687 342 runnu
705 268 905 327 cronacum

420 407 422 415 ‘
486 415 529 458 au
546 417 674 460 nuuumr
690 416 786 460 nrrsr.
803 416 864 458 nm.
882 417 915 458 11.

214 497 244 562 1.
268 503 403 558 insulsum
414 501 527 574 proprie
539 503 654 574 fatuum,
667 503 749 573 quasi
760 503 819 558 sine
831 501 899 558 sale.
923 501 962 556 M.
976 499 1087 556 Tullius
1099 501 1136 556 ad
1149 498 1267 556 Caesa·
1327 529 1328 562 ς

143 579 207 644 rem
218 588 354 644 iuniorem
365 588 555 660 Epistularum
566 589 700 644 secundo:
713 582 771 650 sed
793 583 983 652 ilaloeutus
1001 579 1121 646 insulse
1139 591 1199 658 est,
1221 591 1267 644 ut

148 668 266 734 mirum
284 680 413 736 senatus
432 669 607 735 convitium
624 669 793 754 exceperit.
837 673 966 730 Nonius
978 691 1006 746 p.
1017 673 1114 743 33,13.

252 755 433 823 Epistolarum
444 753 570 820 seeundo]
584 753 696 824 epistola
707 753 822 807 secundo
834 751 913 806 codd.
1327 795 1328 828 3

214 843 245 906 2.
266 847 399 920 ignavum
411 853 440 904 et
451 863 550 920 segne,
565 847 719 918 torpidum,
731 846 870 916 feriatum,
884 849 913 900 et
923 843 983 900 sine
994 843 1064 916 igni.
1089 834 1127 896 M.
1140 841 1265 896 Tullius

148 933 188 986 ad
199 929 347 988 Caesarem
361 933 497 989 iuniorem
508 933 547 988 II.
560 931 644 988 libro:
662 927 696 992 in
714 949 778 1012 quo
791 937 848 992 tua
865 947 916 991 me
935 921 1121 1011 provocavit
1138 922 1263 998 oratic,
1327 931 1328 1000 ᾗ

132 1021 223 1078 ‘mea
246 1024 416 1079 consecuta
434 1024 483 1080 est
500 1012 616 1100 segnis.
661 1017 903 1089 Idemp.33,18.
1327 1011 1328 1088 ζ

215 1097 246 1160 3.
269 1108 389 1176 constat,
402 1105 538 1175 convenit,
550 1101 728 1158 manifestum
740 1107 790 1157 eat.
827 1101 866 1156 M.
879 1099 990 1156 Tullius
1002 1099 1039 1155 ad
1051 1096 1198 1154 Gaesarem
1210 1095 1261 1150 iu·
1327 1115 1328 1142 2

151 1189 256 1244 niorem
264 1188 366 1244 lib-II:
394 1206 467 1250 eum
491 1193 651 1250 constaret
673 1180 845 1248 Caesarem
868 1178 1026 1267 Lupercis
1052 1177 1087 1243 id
1112 1175 1260 1262 vectigal
1327 1189 1328 1260 J

69 1279 81 1314 Ι
151 1269 292 1333 dedisse:
311 1269 368 1352 qui
385 1279 491 1334 autem
510 1279 635 1356 poterat
651 1268 686 1332 id
704 1266 868 1334 constare?
910 1271 1002 1328 idem
1014 1289 1042 1344 p.
1055 1269 1116 1340 273,
1126 1268 1151 1321 3.

255 1361 388 1406 constaret
399 1351 497 1406 Halm:
510 1361 612 1407 constat
625 1355 653 1405 ei
664 1361 763 1406 constet
775 1350 854 1417 codd.
867 1347 959 1404 Nonii.

216 1440 248 1503 4.
272 1445 394 1516 deicere,
417 1447 528 1502 elidere.
563 1445 602 1500 M.
624 1445 734 1500 Tullius
755 1445 792 1500 ad
813 1442 961 1498 Caesarem
983 1441 1118 1497 iuniorem
1139 1439 1190 1495 lib.
1208 1439 1259 1495 11:
1327 1467 1328 1506 3

152 1526 194 1590 ad
213 1537 351 1589 statuam
372 1527 479 1592 nescio
503 1526 593 1590 cuius
613 1523 723 1601 Clodi,
747 1545 844 1608 quam
867 1544 942 1588 oum
963 1521 1087 1587 restitui
1107 1519 1260 1585 iussisset

152 1611 300 1688 Ancona,
320 1632 394 1675 cum
412 1610 489 1676 hero
509 1611 666 1677 deiectam
685 1631 754 1675 esse
772 1632 813 1674 ex
830 1619 959 1673 senat-ue
978 1607 1132 1673 consulto.
1159 1609 1260 1666 Idem
1327 1631 1328 1706 }

153 1711 181 1764 μ
193 1692 301 1814 288'1325
302 1731 415 1814 statuum
426 1778 488 1815 noa:
502 1763 537 1815 ad
548 1770 585 1815 eat
597 1761 658 1815 atha
671 1759 750 1815 codd.
764 1757 857 1829 Nonii,
869 1761 900 1813 de
911 1757 1159 1820 atcmuMercerus.

217 1848 249 1914 5.
270 1855 405 1925 insolens,
421 1857 566 1928 impudens
580 1860 608 1912 ct
624 1857 715 1910 audax
732 1855 833 1910 dicitur
849 1855 1054 1911 consuetudins.
1090 1853 1130 1909 M.
1142 1851 1257 1909 Tullius

1327 2033 1328 2076 l

1327 2083 1328 2122 l

79 2010 83 2018 Ι
152 1941 191 1996 ad
195 1937 351 2072 302a2esflrem
362 1941 497 1997 iuniorem
508 1941 556 1997 lib.
570 1940 613 1996 11:
634 1937 785 2013 insolens,
804 1956 967 2021 arrogans,
984 1935 1116 2000 iactans.
1159 1937 1258 1995 Idem
1327 1947 1328 2030 q

73 2085 74 2088 ,
153 2035 182 2088 P·
248 2058 256 2087 r
304 2058 310 2072 ·

219 2089 249 2152 6.
271 2099 371 2166 meret,
394 2101 522 2151 meretur.
569 2095 608 2150 M.
629 2095 739 2149 Tullius
759 2094 796 2150 ad
817 2092 964 2151 Caesarem
983 2095 1118 2150 iuniorem
1137 2091 1186 2148 lib.
1209 2093 1257 2148 11:

153 2193 251 2311 quem
272 2175 392 2260 perisse
413 2175 458 2241 ita
480 2175 520 2241 de
546 2199 581 2242 re
607 2175 737 2261 publica
764 2186 939 2241 merentem
962 2176 1125 2240 consulem
1148 2173 1254 2240 doleo.

174 2257 249 2392 dell.
258 2257 431 2406 zemulis,
442 2352 612 2408 prosperum.
636 2333 674 2388 M.
681 2333 790 2390 Tullius
802 2334 840 2389 ad
850 2334 997 2392 Caesarem
1007 2333 1142 2388 iuniorem
1153 2332 1202 2388 lib.
1208 2333 1254 2388 II:

154 2413 308 2499 scriptum
326 2427 394 2480 erat
412 2427 560 2500 equestre
578 2415 736 2500 proelium
752 2415 846 2480 valde
865 2413 1057 2491 secundum,
1074 2414 1108 2478 in
1125 2414 1175 2478 his
1194 2437 1253 2478 au·

153 2501 343 2585 temporius
362 2501 541 2567 adversum.
585 2504 677 2560 Idem
688 2523 716 2577 p.
730 2507 790 2576 389,
802 2507 845 2560 23.

219 2585 249 2649 8.
271 2592 418 2664 locupletis
433 2609 488 2647 non
503 2608 667 2663 magnarum
684 2607 767 2661 opum
778 2591 980 2661 tantummodo,
997 2589 1047 2647 sed
1063 2594 1092 2645 et
1102 2590 1140 2645 ad
1155 2605 1251 2660 quam·

154 2667 224 2721 libet
234 2684 294 2722 rem
305 2667 399 2724 firmos
414 2673 444 2722 et
460 2672 549 2724 certos
562 2667 600 2720 Μ.
613 2666 724 2722 Tullius
736 2668 792 2722 dici
807 2668 894 2723 voluit
909 2669 947 2723 ad
958 2666 1106 2723 Gaesarem
1116 2666 1252 2722 iuniorem

154 2743 203 2798 lib.
216 2743 258 2796 11:
279 2739 358 2802 nihil
379 2739 508 2803 omnino
532 2743 624 2815 certi,
651 2760 711 2809 nec
732 2739 925 2824 locupletem
942 2738 984 2804 ad
1005 2737 1067 2804 hoc
1089 2747 1250 2804 auctorem

153 2821 362 2888 habebamus.
406 2828 498 2883 Idem
509 2846 536 2898 p.
548 2828 610 2896 462,
622 2829 664 2884 10.

219 2908 250 2972 9.
271 2913 498 2985 paludamentum
510 2913 655 2983 satiastis,
668 2931 739 2985 quae
751 2931 824 2969 nune
836 2915 959 2986 chlamys
972 2914 1079 2970 dicium.
1097 2913 1136 2968 M.
1142 2914 1251 2969 Tullius

153 2999 193 3054 ad
204 2997 352 3054 Caesarem
362 2996 497 3054 iuniorem
507 2997 556 3052 lib.
569 2997 610 3052 II:
632 2994 794 3059 Antonius
819 2995 948 3060 demens
971 3005 1044 3060 ante
1065 2995 1171 3060 lucem
1193 3017 1250 3080 pa·

153 3079 293 3144 ludatus.
337 3083 428 3138 Idem
440 3101 468 3154 p.
480 3083 533 3140 538
545 3098 585 3153 sq.

479 3253 522 3296 sn
539 3255 667 3298 nunnmr
683 3254 779 3298 aaran.
797 3229 858 3298 nm.
875 3256 919 3298 111.

221 3333 250 3398 1.
272 3339 379 3411 invehi,
392 3339 522 3412 adgredi,
533 3340 686 3413 inerepare.
722 3339 760 3396 M.
774 3339 884 3397 Tullius
900 3341 937 3398 ad
954 3339 1102 3398 Caesarem
1116 3339 1248 3396 iuniorem

153 3419 336 3554 112111εέἑὲ
360 3441 401 3556 qe
418 3420 451 3484 in
475 3443 546 3487 eam
563 3420 673 3486 Pansa
695 3420 900 3488 vehementer
918 3432 966 3489 est
982 3421 1136 3487 invectus.
1185 3425 1247 3483 No-

154 3517 229 3555 nrus
242 3518 269 3570 p.
335 3541 342 3570 ‚
388 3542 393 3556 .

220 3573 250 3637 2.
273 3577 381 3632 anticus
401 3584 430 3634 et
449 3581 588 3652 antiquior
606 3585 639 3636 ui
660 3581 763 3655 gradu,
779 3583 820 3638 ita
841 3587 870 3638 et
885 3582 1028 3638 intellectu
1049 3581 1166 3638 dauns:
1186 3598 1249 3636 nam

154 3654 277 3710 anticum
289 3653 429 3726 significet
439 3663 531 3728 vetus,
548 3659 686 3731 antiquior
697 3661 802 3717 melior.
830 3661 869 3716 M.
882 3659 992 3715 'lirllius
1003 3660 1040 3716 ad
1051 3658 1199 3716 Gaesarem
1210 3658 1248 3712 iu-

156 3731 261 3786 niorem
276 3731 396 3786 lib.le
417 3750 477 3814 ego
496 3740 604 3795 autem
626 3732 897 3816 antiquissimum,
919 3731 1091 3798 oriundum
1110 3729 1248 3816 Scythis,

153 3811 272 3896 quibus
291 3811 451 3895 antiquior
467 3815 587 3880 laetitia
604 3828 653 3882 est
671 3839 768 3903 quam
785 3817 921 3884 lucrum.
963 3821 1170 3893 Idemplie,
1184 3822 1225 3877 12.

447 3989 490 4032 sn
508 3991 635 4034 aunuum
652 3995 693 4036 nx
709 3995 800 4038 amno
818 3994 960 4040 mosano,

221 4067 251 4131 1.
273 4073 379 4146 opinio,
403 4091 480 4148 spes,
504 4077 635 4148 opinatio.
677 4079 716 4134 M.
740 4079 850 4136 Tullius
873 4081 911 4134 ad
934 4078 1082 4136 Caesarem
1105 4078 1248 4136 iuniorem:
