2674 4558
513 249 764 309 FRAGMENTA.
1147 239 1189 305 79

17 399 18 410 ’
103 396 158 459 quo
177 373 264 438 litut
283 373 379 438 etiam
397 373 480 437 servi
496 396 532 438 se
554 373 684 440 liberius
702 385 830 459 gerant,
852 397 968 442 uxores
987 376 1099 441 eodem
1116 376 1186 442 iure

103 463 157 524 rint
172 480 234 542 quo
252 459 314 523 viri
331 459 428 542 inque
446 469 534 524 tanta
551 459 697 525 libertate
716 481 811 525 canes
830 461 926 525 etiarn
944 475 977 526 et
995 462 1079 545 equi,
1097 463 1188 528 aselli

104 545 225 627 denique
248 543 343 610 liberi
370 544 415 609 sic
437 544 609 622 incurrant,
637 557 672 608 ut
694 546 732 608 iis
755 545 796 610 de
819 546 872 610 via
894 546 1114 612 decedendum
1137 548 1188 611 sit.

104 652 168 716 ergo
185 653 224 694 ex
242 628 306 694 hac
324 629 457 706 infinita,
475 629 589 712 inquit,
606 629 734 694 licentia
751 629 831 696 haec
849 654 976 696 summa
993 632 1134 717 cogitur,
1152 645 1188 696 ut

101 716 138 779 ita
152 714 337 780 fastidiosae
358 715 534 797 mollesque
556 725 679 782 mentes
695 715 840 790 ‚evadant
857 717 991 794 civium,
1014 729 1065 793 ut,
1084 718 1111 781 si
1129 718 1189 781 mi·

100 801 175 866 nima
192 800 238 866 vis
253 801 446 872 adhibeatur
463 800 597 885 imperii,
616 800 792 866 irascantur
805 813 836 867 et
853 803 995 891 perferre
1012 814 1187 887 nequeant;

101 909 133 950 ex
148 907 208 970 quo
224 887 317 971 leges
335 907 464 970 quoque
481 885 638 971 incipiunt
659 888 845 974 neglegere,
869 899 905 953 ut
921 889 1017 974 plane
1034 888 1103 955 sine
1122 889 1188 952 ullo

101 972 215 1036 domino
233 971 308 1038 sint.
346 974 412 1032 cie.
427 978 462 1032 de
473 994 503 1032 re
515 995 544 1048 p.
556 976 581 1046 I,
594 978 628 1031 66
641 995 682 1048 sq.

153 1057 182 1121 2.
203 1062 268 1118 ride
281 1062 352 1132 quid
364 1060 492 1120 Socrates
503 1062 534 1116 in
544 1062 671 1117 Platonis
681 1063 786 1118 Politia
797 1064 913 1134 (lile.
923 1067 992 1138 pb'l
994 1067 1018 1121 1.
1029 1066 1072 1120 ed.
1079 1063 1189 1136 Steph.)

99 1148 221 1217 loquatrr.
258 1148 331 1203 dicit
347 1146 432 1202 enim:
459 1165 534 1210 cum
557 1142 788 1209 dormientibus
811 1167 850 1210 ea
871 1167 946 1230 pars
964 1146 1076 1222 animi,
1104 1168 1187 1230 quae

99 1229 200 1292 mentm
217 1238 249 1294 et
267 1228 401 1296 rationis
419 1229 460 1292 sit
477 1229 651 1314 particeps,
678 1230 782 1314 sopita
803 1231 970 1315 langueat,
996 1232 1051 1296 illa
1068 1245 1187 1308 autem,

98 1313 200 1396 inqua
215 1313 330 1380 feritas
348 1314 507 1396 quaedam
525 1314 566 1378 sit
583 1325 679 1397 atque
697 1315 832 1399 agrestis
848 1315 1034 1392 inmanitas,
1055 1337 1128 1381 cum
1147 1316 1187 1380 sit

97 1399 283 1464 inmoderato
302 1399 521 1468 extumefacta
536 1410 614 1485 potu
633 1412 729 1482 atque
747 1412 858 1485 past-u,
883 1402 1044 1466 exsultare
1064 1423 1135 1466 eam
1153 1401 1187 1466 in

97 1505 197 1549 somno
216 1485 482 1569 inmoderateque
508 1485 619 1550 iactari
626 1509 635 1561 ;
662 1485 771 1568 itaque
797 1484 873 1552 huic
896 1487 1003 1552 omnia
1028 1485 1096 1552 visa
1119 1487 1188 1551 obi·

98 1568 212 1635 ciuntur
229 1594 249 1635 a
266 1581 377 1636 mente
394 1593 433 1635 ac
455 1570 577 1636 ratione
594 1593 711 1647 vacua,
730 1581 766 1634 ut
784 1581 840 1636 aut
857 1593 931 1636 cum
950 1583 1051 1638 matre
1070 1594 1187 1656 corpus

97 1654 216 1720 miscere
238 1656 389 1722 videatur
411 1666 467 1721 aut
489 1679 563 1721 cum
585 1656 699 1740 quovis
722 1656 784 1721 alio
808 1657 859 1722 vel
885 1657 1013 1723 homine
1037 1659 1089 1723 vel
1114 1659 1186 1736 deo,

97 1761 181 1826 saepe
197 1740 305 1818 belua,
325 1751 420 1824 atque
435 1742 531 1806 etiam
548 1741 706 1806 trucidare
720 1742 859 1826 aliquem
878 1754 910 1808 et
925 1743 1011 1829 inpie
1025 1745 1186 1810 cruentari

97 1828 247 1910 multaque
269 1827 379 1892 facere
399 1826 513 1912 inpure
536 1837 633 1910 atque
655 1837 755 1894 taetre
779 1849 853 1892 cum
877 1830 1055 1896 temeritate
1078 1841 1111 1896 et
1136 1831 1187 1894 in-

97 1911 246 1997 pudentia.
274 1923 310 1978 at
328 1912 384 1996 qui
398 1913 518 1978 salubri
536 1923 567 1978 et
581 1913 745 1978 moderato
764 1914 852 1978 cultu
866 1925 963 1998 atque
980 1916 1067 1980 victu
1086 1915 1186 1998 quieti

98 2021 127 2063 se
144 1997 323 2073 tradiderit,
351 2021 390 2062 ea
414 2009 504 2083 parte
531 1997 644 2074 animi,
672 2020 754 2082 quae
781 1999 896 2065 mentis
918 2011 951 2066 et
977 2001 1100 2066 consilii
1127 2013 1186 2077 est,

98 2084 203 2168 agitata
225 2097 257 2152 et
282 2094 389 2151 erecta
410 2094 614 2166 saturataque
641 2084 797 2149 bonarum
820 2085 1049 2170 cogitationum
1072 2087 1185 2172 epulis,

99 2191 184 2254 eaque
200 2183 296 2257 parte
313 2170 425 2247 animi,
452 2192 535 2254 quae
553 2170 717 2258 voluptate
735 2171 844 2248 alitur,
871 2193 930 2236 nec
948 2172 1056 2258 inopia
1073 2184 1186 2238 enecta

97 2277 147 2319 nec
171 2258 317 2323 satietate
344 2255 489 2322 affluenti
514 2291 559 2303 --
584 2277 721 2340 quorum
748 2267 919 2341 utrumque
951 2257 1185 2343 praestringere

98 2340 186 2406 aciem
198 2343 317 2409 mentis
331 2342 422 2418 solet,
438 2342 507 2407 sive
521 2342 611 2408 deest
628 2354 761 2408 naturae
777 2342 942 2426 quippiam
957 2342 1024 2408 sive
1042 2342 1185 2406 abundat

98 2437 181 2510 atque
198 2428 305 2494 affluit
320 2463 365 2478 --
380 2426 436 2492 illa
459 2427 555 2494 etiam
573 2427 667 2492 tertia
684 2439 774 2512 parte
792 2427 905 2504 animi,
927 2426 962 2489 in
979 2449 1044 2508 qua
1065 2427 1184 2492 irarum

98 2513 208 2578 exsistit
231 2513 344 2587 ardor,
371 2513 482 2579 sedata
504 2523 600 2596 atque
621 2513 786 2587 restincta,
814 2524 883 2577 tum
906 2511 1032 2576 eveniet
1058 2511 1185 2576 duabus

17 2609 19 2658 t
99 2597 183 2662 animi
199 2599 376 2664 temerariis
393 2599 537 2683 partibus
556 2597 744 2682 conpressis,
763 2608 800 2661 ut
813 2597 869 2661 illa
886 2596 980 2660 tertia
997 2619 1072 2682 pars
1089 2597 1186 2661 ratio·

17 2765 18 2768 Ἴ
98 2681 139 2744 nis
155 2693 189 2747 et
199 2684 319 2751 mentis
341 2685 465 2750 eluceat
483 2694 515 2748 et
538 2705 572 2748 se
590 2694 738 2768 vegetam
757 2681 800 2746 ad
822 2682 1043 2747 somniandum
1063 2704 1186 2748 acrem-

17 2779 18 2782 ’
99 2785 152 2848 que
167 2770 334 2854 praebeat,
356 2781 425 2834 tum
442 2769 471 2834 ei
493 2768 562 2832 visa
579 2767 694 2852 quietis
713 2781 881 2834 occurrent
898 2768 1070 2852 tranquilla
1087 2779 1184 2852 atque

98 2855 220 2990 {efficia
264 2859 335 2916 haec
357 2860 443 2915 verba
464 2859 528 2930 ipsa
550 2858 677 2914 Platonis
700 2859 830 2930 expressi.
873 2856 991 2916 Cicero
1012 2861 1047 2914 de
1069 2861 1184 2916 divinat.

116 2972 123 3000 r
174 2953 213 3006 Sq-

331 3063 359 3108 θ’
402 3065 443 3106 EX
459 3062 606 3107 PLA'I'ONIS
623 3063 722 3104 mnus
738 3065 780 3105 Du
798 3064 938 3108 LEGIBUS.

147 3140 205 3222 agri
215 3145 311 3224 autem
322 3157 363 3224 ns·
370 3144 571 3222 consecrentur,
582 3139 693 3222 Platoni
706 3141 751 3210 (de
762 3142 837 3213 legg.
844 3141 910 3222 XII.
917 3159 944 3212 p.
951 3141 1060 3222 955sq:)
1071 3157 1185 3220 prorsus

102 3206 235 3278 adsentor,
258 3226 319 3280 qm,
340 3227 365 3264 sr
384 3209 466 3264 modo
485 3213 662 3279 interpretari
677 3213 806 3280 potuero,
826 3211 871 3263 hrs
890 3209 950 3264 fere
970 3208 1062 3263 verbis
1082 3213 1183 3263 utrtur:

102 3285 174 3344 terra
194 3281 307 3368 igitur,
334 3291 371 3346 ut
391 3281 485 3346 focus
502 3279 748 3357 domiciliorum,
775 3302 866 3347 sacra
889 3281 1021 3345 deorum
1042 3281 1184 3346 omnium

102 3373 155 3441 est3
172 3367 320 3450 quocirca
337 3388 379 3432 ne
394 3365 467 3450 quis
484 3365 600 3430 iterum
616 3365 702 3430 idern
720 3377 914 3430 consecrato.
942 3389 1056 3430 aurum
1076 3377 1184 3431 autem

102 3459 129 3510 et
144 3463 307 3536 argentum
323 3451 358 3518 in
374 3451 509 3516 urbibus
527 3462 558 3514 et
580 3450 729 3535 privatim
747 3462 778 3516 et
800 3451 933 3516 insanis
956 3451 1115 3516 invidiosa
1132 3475 1186 3517 res

103 3544 152 3598 est
175 3549 243 3602 tum
260 3537 341 3603 ebur
357 3559 399 3602 ex
414 3536 502 3601 inani
516 3557 647 3621 corpore
664 3547 843 3602 extractum
860 3537 947 3601 haud
964 3537 1041 3602 satis
1060 3548 1185 3602 castum

104 3615 210 3687 donum
228 3622 299 3688 deo.
338 3622 403 3688 iam
421 3643 476 3688 aes
493 3632 589 3706 atque
606 3621 727 3686 ferrum
745 3622 843 3687 duelli
865 3621 1092 3699 instrumenta,
1119 3645 1186 3687 non

103 3701 169 3769 fani.
202 3708 345 3793 ligneum
362 3718 469 3773 autem
491 3707 715 3790 quodcumque
734 3707 804 3790 quis
823 3707 959 3773 voluerit
976 3729 1041 3772 uno
1059 3731 1076 3774 e
1095 3708 1186 3792 ligno

105 3787 211 3870 dicata,
236 3794 376 3878 itemque
399 3793 575 3879 lapideum,
601 3793 634 3856 in
652 3793 793 3858 delubris
811 3793 1048 3868 communibus;
1076 3792 1187 3856 textile

104 3893 138 3938 ne
154 3879 314 3962 operosius
336 3900 433 3963 quam
454 3879 595 3943 mulieris
617 3900 700 3962 opus
720 3890 928 3944 menstruum.
973 3878 1060 3942 color
1077 3887 1186 3944 autem

18 4035 19 4038 Ἴ
106 3958 185 4055 {dhus
201 3965 372 4050 praecipue
389 3964 523 4029 decorus
542 3963 602 4029 deo
620 3974 669 4029 est
686 3985 760 4029 cum
776 3965 810 4030 in
825 3964 947 4038 ceteris,
964 3973 1033 4026 tum
1046 3961 1188 4026 maxime

17 4055 18 4058 ’
105 4063 134 4108 m
148 4049 258 4114 textili:
281 4049 380 4116 tincta
396 4071 472 4126 vero
490 4048 595 4114 absint
617 4049 680 4113 nisi
698 4073 717 4114 a
735 4049 855 4115 bellicis
877 4046 1067 4132 insignibus.
1104 4046 1188 4114 divi·
