2674 4558
510 294 762 354 FRAGMENTA.
1154 281 1192 346 'll

495 495 535 536 EX
552 494 642 536 LIBRO
660 494 801 538 manuue.

151 572 207 642 13.
233 579 342 652 plaudo
359 579 492 648 frequens
508 584 563 647 cst,
584 580 660 650 apud
679 584 787 635 sacres
801 581 893 652 plodo.
930 577 1027 636 Cicero
1043 579 1078 634 de
1093 578 1194 650 gloria:

91 661 292 728 omiseram
312 659 367 724 vel
389 659 495 744 potius
517 671 690 736 amentem,
718 661 759 725 de
780 681 845 745 quo
861 659 991 726 neccsse
1016 670 1084 725 erat
1104 659 1195 744 peius

90 748 280 815 existimare
299 765 370 822 eos,
389 745 444 828 qui
461 745 641 830 ploderent,
659 767 755 831 quam
773 767 841 824 eos,
859 745 916 829 qui
937 768 1001 811 non
1019 745 1194 831 ploderent.

93 831 281 886 Diomedes
292 847 322 900 p.
335 827 388 884 382
399 842 440 897 sq.
455 827 499 881 ed.
511 827 585 882 Keil.

157 901 213 967 14.
237 905 280 962 Μ.
292 905 404 961 Tullius
418 905 449 959 in
461 921 494 960 eo
508 903 594 974 libro,
612 922 713 976 quosse
729 904 790 976 ipse
803 905 838 960 de
849 911 937 962 morte
953 903 1028 961 fillae
1040 903 1196 960 consolatus

94 991 149 1056 sat,
160 1002 225 1068 pon
237 981 378 1064 dubitarit
395 981 487 1064 dicere
500 983 578 1052 deos,
596 982 772 1065 qui'publice
784 984 946 1066 colerentur,
959 983 1083 1040 homines
1099 981 1194 1064 fuisse.
1235 1041 1238 1048 ,

93 1055 239 1177 ὧιιὲῗῗ
248 1051 330 1190 Idrpbt
342 1068 372 1105 1n
388 1050 466 1106 nura
483 1050 518 1106 de
533 1067 565 1106 re
580 1050 706 1122 publiea,
723 1052 799 1114 1dern
815 1052 849 1108 de
861 1053 958 1124 glorta.
993 1051 1195 1108 Lactantrus

161 1191 216 1257 15.
240 1195 356 1270 egregie
372 1197 407 1251 de
426 1193 544 1252 Caesare
560 1195 670 1252 Tullius
688 1213 761 1258 eum
775 1192 931 1276 quosdam
949 1197 990 1252 ait
1012 1212 1124 1256 ornare
1140 1211 1196 1254 vo-

96 1277 175 1356 tuit,
211 1298 279 1342 non
309 1275 381 1341 illos
411 1275 605 1352 honestavit,
641 1277 698 1342 sed
727 1288 912 1342 ornamenta
941 1277 1012 1362 ipsa
1042 1275 1192 1340 tutavit.

97 1361 329 1431 Hieronymus
341 1357 421 1430 epist.
434 1359 476 1428 66,
489 1359 514 1414 6.
527 1360 564 1414 ad
575 1357 786 1414 Pammachium
799 1359 870 1430 Opp.
884 1359 919 1413 T.
929 1359 952 1414 Ι.
966 1376 993 1430 p.
1004 1358 1063 1413 398.
1104 1357 1194 1411 allars.

97 1431 161 1485 Hoc
171 1429 363 1500 fragmentum
374 1427 429 1483 huc
440 1426 536 1482 retulit
547 1427 672 1483 Beierns.

212 1579 267 1636 IX.
302 1578 544 1637 CONSOLATIO
563 1579 635 1640 SEU
652 1579 705 1636 DE
722 1579 855 1639 LUCTU
872 1578 1088 1636 MINUENDO.

112 1756 120 1768 ι
156 1683 255 1766 'I‘rdlia
266 1683 350 1764 paulo
361 1687 438 1753 post,
450 1699 536 1804 lapuam
553 1699 616 1765 cum
626 1683 659 1738 P.
671 1681 800 1766 Cornelio
811 1683 931 1740 Lentulo
942 1682 1091 1766 Dolalpella
1107 1680 1196 1734 divor·

98 1761 170 1808 trnm
181 1753 262 1820 ieert,
275 1769 293 1805 1.
307 1767 332 1806 e.
344 1768 439 1806 mense
476 1753 603 1807 ebranno
615 1769 680 1806 anm
691 1771 718 1806 u.
729 1752 788 1808 709.
808 1751 927 1808 Caesare
939 1769 994 1807 eos.
1007 1767 1067 1806 s1ne
1079 1750 1196 1821 collega,

99 1840 133 1878 ex
144 1826 232 1893 partu
243 1851 279 1860 —
288 1817 340 1874 filii
360 1837 396 1874 an
415 1819 500 1888 filiae,
520 1821 655 1876 incertum
665 1852 700 1862 -
714 1827 822 1876 momua
843 1826 893 1876 ast.
929 1819 1026 1875 Cicero
1041 1817 1141 1890 igitur,
1156 1823 1197 1882 ut,

99 1906 213 1962 querna
224 1887 301 1942 tiliae
313 1887 390 1943 obitu
401 1887 584 1960 percipiebat,
597 1889 716 1944 dolorem
727 1890 840 1959 levaret,
853 1887 1053 1960 aphilosophia
1065 1885 1198 1942 solacium

1 1959 2 2026 ζ
100 1965 198 2031 petere
210 1955 329 2025 studuit,
342 1972 431 2026 eaque
442 1962 534 2012 mente
546 1957 620 2012 hunc
633 1958 735 2012 librum
746 1958 830 2028 paulo
842 1963 906 2012 ante
917 1957 1091 2012 Tusculanas
1103 1954 1197 2024 dispu-

100 2027 222 2082 tationes
234 2023 410 2096 conscripsit,
425 2025 475 2094 qui
491 2025 564 2080 liber
575 2025 673 2081 Isidori
685 2032 777 2082 acute
790 2025 925 2094 exstabat,
938 2025 1015 2080 cuius
1026 2023 1138 2078 libellus
1150 2037 1197 2076 au-

101 2113 164 2150 reus
186 2095 224 2148 de
241 2097 400 2165 contemptu
414 2094 509 2148 mundi
525 2093 566 2149 sie
585 2093 698 2164 incipitr
721 2094 811 2149 ‘venit
826 2095 863 2149 ad
879 2111 975 2149 manus
990 2109 1067 2147 meas
1084 2089 1198 2162 quidam

100 2165 174 2220 liber
186 2161 342 2231 Ciceronis,
363 2162 440 2216 cuius
457 2162 544 2216 forma
560 2163 697 2232 persuasit
712 2163 803 2218 animo
814 2179 876 2219 meo
893 2163 1032 2232 quoddam
1047 2161 1198 2216 lamentum

102 2231 170 2287 mihi
183 2228 703 2302 ctomm‘buspeceatoribnscondere!
1085 2253 1087 2258 ’

168 2303 199 2367 1.
222 2307 298 2379 quod
308 2324 352 2362 me
364 2309 401 2362 ab
416 2308 469 2362 hoc
484 2324 606 2363 maerore
621 2309 741 2364 recreari
751 2309 806 2377 ris,
823 2307 902 2378 facis,
917 2313 950 2361 ut
965 2305 1070 2374 omnia,
1088 2305 1137 2359 sed
1153 2319 1198 2357 me

100 2385 170 2440 mihi
183 2401 240 2439 non
252 2383 373 2439 definisse
384 2384 502 2438 tutestis
512 2401 554 2440 es:
566 2383 635 2439 nihil
647 2385 721 2441 enim
732 2385 767 2441 de
776 2401 899 2440 maerore
908 2383 1055 2438 minuendo
1065 2381 1198 2452 scriptum

101 2455 140 2510 ab
150 2454 211 2508 ullo
223 2459 275 2522 est,
285 2453 359 2524 quod
372 2469 424 2524 ego
433 2469 488 2508 uon
499 2453 574 2508 domi
584 2459 650 2508 tuac
662 2453 792 2526 legerim,
803 2453 853 2507 scd
866 2467 974 2506 omnem
985 2447 1199 2505 consolationem

98 2521 190 2577 mneit
202 2521 288 2576 dolor.
312 2520 379 2591 quin
391 2522 475 2576 etiarn
490 2520 558 2591 feei,
574 2523 649 2591 quod
660 2522 785 2592 prolecto
802 2525 867 2575 anta
878 2535 923 2574 me
934 2535 1029 2586 nemo,
1041 2521 1073 2570 ut
1082 2517 1143 2596 ipse
1154 2532 1199 2596 me

123 2607 153 2644 er
168 2591 280 2644 litteras
296 2590 463 2658 consolarer,
506 2606 570 2644 uem
593 2589 694 2644 librum
714 2591 751 2643 ad
773 2595 803 2644 te
818 2587 941 2655 mittam,
965 2587 989 2640 si
1005 2586 1199 2654 descripserint

100 2609 224 2716 florarii:
245 2655 361 2712 adfirmo
376 2657 462 2714 tibin
502 2675 547 2713 am
564 2657 778 2712 consolationem
794 2672 854 2712 essa
873 2655 966 2710 talem.
1002 2651 1068 2709 cis.
1086 2652 1123 2706 ad
1138 2650 1198 2705 Att.

1 2729 2 2808 t
101 2727 171 2796 ΧΠ,
184 2726 228 2795 14,
240 2726 267 2782 a.
280 2725 316 2781 ar.
330 2727 372 2797 ra,
385 2729 410 2780 1.

167 2799 200 2862 2.
223 2803 299 2872 quod
318 2819 362 2858 me
382 2801 443 2874 ipsc
463 2820 514 2874 per
533 2801 641 2858 litteras
657 2803 812 2857 consolatus
832 2819 905 2871 sum,
926 2816 980 2856 non
1000 2799 1125 2872 paanItet
1144 2813 1198 2868 me,

99 2886 239 2950 qnantum
256 2877 433 2950 profecerim:
449 2895 601 2934 maerorem
617 2877 717 2948 minui,
734 2879 854 2934 dolorem
866 2894 918 2932 nec
929 2877 1008 2949 potui
1019 2892 1084 2944 nec,
1101 2874 1125 2928 si
1136 2890 1198 2945 pos-

100 2967 170 3017 sem,
182 2949 293 3003 vellem.
329 2945 396 3002 Cic.
408 2947 445 3002 ad
456 2948 515 3000 Att.
528 2947 595 3016 XII,
607 2947 650 3016 28,
659 2949 686 3002 2.
718 2958 720 2960 ’

167 3019 201 3084 3.
224 3022 407 3094 aegritudinis
418 3023 525 3078 sedatio
537 3029 566 3078 et
580 3025 710 3078 hesterna
726 3021 911 3094 disputatione
923 2991 1061 3093 crplicata
1073 3025 1115 3074 cst
1127 3023 1156 3072 et
1170 3017 1200 3072 in

99 3099 308 3157 Consolationis
326 3099 411 3167 libro,
427 3115 510 3184 quem
526 3101 556 3155 in
571 3100 805 3182 medio-maerore
821 3105 850 3155 et
870 3100 963 3155 dolore
979 3096 1200 3180 conscripsimus,

99 3171 236 3252 quodque
253 3173 331 3224 vetat
418 3186 527 3250 srppus,
544 3169 581 3224 ad
596 3174 716 3224 recentis
727 3169 807 3251 quasi
818 3174 939 3224 tumores
951 3183 1036 3222 amm1
1047 3163 1200 3218 remedium

99 3239 255 3306 adhibere,
275 3237 307 3290 id
322 3253 372 3292 nos
402 3253 505 3292 ecrmus
521 3242 692 3308 naturaeque
712 3255 768 3292 vnn
788 3237 943 3304 attulimus,
963 3239 995 3288 ut
1014 3250 1061 3288 ma
1081 3230 1201 3288 nitudini

101 3304 263 3362 medicinae
279 3305 380 3360 doloris
395 3305 558 3378 magnitudo
574 3307 745 3362 concederet.
776 3303 849 3361 Cic.
861 3305 945 3360 Taso.
958 3303 1057 3374 displ
1087 3301 1149 3371 ,63.
1164 3300 1200 3355 cf.

102 3375 158 3444 ΠΙ,
168 3373 207 3508 ἒ
219 3387 293 3520 ⁸ther
310 3467 362 3520 ego
379 3449 416 3504 de'
431 3447 622 3505 Consolatione
639 3449 748 3504 dicam?
768 3464 840 3519 quae
855 3449 924 3504 mihi
941 3449 1053 3518 quidem
1068 3448 1123 3519 ipsi
1134 3462 1202 3502 sane

99 3526 427 3666 pllprpiuppntpprlrp’egetur,
439 3526 538 3582 ceteris
549 3526 616 3582 item
627 3528 743 3582 multum
755 3525 831 3582 illam
842 3526 1014 3600 profuturam
1025 3533 1101 3600 puto.
1135 3523 1201 3580 Cic.

170 3665 203 3731 5.
226 3672 296 3741 quid
311 3688 364 3744 ego
379 3689 452 3728 nune
467 3673 579 3745 lugeam
593 3673 680 3727 vitam
694 3672 853 3728 hominum?
873 3689 937 3728 rere
954 3677 983 3729 et
1000 3675 1060 3731 iure
1077 3685 1202 3743 possum3

104 3749 158 3804 ssd
168 3748 239 3872 qiam
249 3764 364 3830 neeesse
376 3753 430 3818 est,
447 3766 510 3814 cum
524 3749 555 3804 id
605 3767 662 3818 am,
678 3755 789 3872 napost
803 3756 917 3806 mortem
932 3751 1047 3806 miseros
1058 3765 1108 3803 nos
1124 3751 1203 3826 pute-

107 3835 169 3872 mus
192 3821 347 3886 ore,st1sm
361 3817 447 3872 vitam
459 3815 570 3873 efficere
603 3819 716 3889 eploran
736 3819 956 3875 omiseriorcm?
972 3818 1088 3872 fecimus
1105 3814 1158 3867 hoc
1174 3830 1204 3867 rn

108 3901 143 3940 eo
153 3885 235 3967 libro,
246 3885 276 3939 in
288 3899 342 4007 pao
354 3891 462 3940 nosmet
472 3885 546 3957 ipsos
558 3891 692 3956 quantum
702 3887 841 3958 potuimus
854 3885 987 3943 consolati
999 3898 1100 3938 sumus.
1137 3877 1203 3934 Clo.

109 3951 299 4089 'pmiidlliticc
309 3954 428 4099 effidem
442 4031 503 4085 vita
513 4047 586 4086 mors
599 4035 654 4101 est,
672 4045 756 4102 quam
766 4030 912 4086 lamentari
923 4041 1046 4099 possem,
1059 4023 1083 4078 si
1094 4022 1202 4078 liberet.

112 4107 146 4161 A.
157 4107 223 4162 satis
234 4112 267 4163 tu
278 4106 392 4177 quidem
402 4107 431 4162 in
444 4105 637 4164 Consolatione
649 4124 678 4163 cs
690 4108 865 4176 lamentatus,
882 4121 965 4174 quam
977 4117 1040 4156 cum
1051 4100 1124 4173 lego,
1136 4099 1207 4155 mlnl
