2714 4554
158 270 220 336 112
499 278 537 332 Μ.
556 278 692 334 TULLII
711 275 909 332 CICERONIS

242 405 291 468 sin
308 425 435 469 umeros
454 399 559 466 medio
576 401 611 466 in
629 401 717 467 caelo
735 397 918 466 Centaurus
935 398 1077 476 habebit,
1176 459 1178 462 .

242 490 373 574 ipseque
391 488 538 554 caerulea
556 498 721 552 contectus
738 487 825 550 nube
842 485 973 561 feretur,

155 581 208 636 205
243 586 339 658 atque
356 576 459 639 Aram
477 571 566 638 tenui
584 572 725 656 caligans
744 570 858 636 vestiet
876 570 999 646 umbra,

155 678 195 718 4⁵0
243 660 284 724 ad
303 660 468 745 signorum
486 658 608 722 obitum
626 658 675 721 vis
694 668 741 722 est
759 655 930 722 metuenda
946 655 1081 745 Fauoni.

285 746 345 810 Ille
363 755 470 810 autern
489 741 707 808 Centaurus
725 743 759 806 in
777 743 842 806 alta
859 740 935 806 sede
951 742 1075 806 locatus

243 851 308 912 qua
325 853 395 896 sese
413 830 498 895 clare
516 829 687 894 conlucens
706 827 857 913 Scorpios
874 826 982 902 infert,

243 915 329 980 hunc
347 915 467 991 subter,
485 925 609 999 partem
626 926 835 998 praeportans
853 912 922 997 ipse
939 912 1073 988 virilem,
1174 927 1177 937 ’

156 1007 208 1060 210
243 1001 336 1077 cedit,
356 1001 430 1083 equi
447 1000 545 1085 partis
562 1020 736 1086 properans
754 999 947 1084 subiungere
966 995 1086 1063 Chelis.

157 1103 195 1144 us
243 1085 295 1150 hic
313 1086 459 1151 dextram
475 1107 624 1171 porgens,
642 1085 814 1170 quadripes
832 1105 896 1168 qua
915 1094 1005 1148 vasta
1022 1093 1158 1162 tenetur,

244 1191 341 1254 quam
359 1193 453 1236 nemo
471 1181 557 1236 certo
575 1171 706 1235 donavit
722 1169 851 1235 nomine
869 1167 1017 1244 Graium,

244 1256 346 1326 tendit
363 1268 396 1322 et
412 1257 578 1321 inlustrem
596 1257 795 1321 truculentus
813 1254 916 1320 caedit
935 1254 978 1318 ad
994 1253 1106 1318 Aram.

286 1341 352 1408 Hic
370 1365 440 1408 sese
457 1341 590 1407 infernis
607 1363 626 1406 e
643 1341 787 1428 partibus
806 1340 899 1425 erigit
916 1339 1066 1424 Hydra,
1116 1415 1120 1419 ,

157 1433 209 1488 215
265 1428 408 1514 raecipiti
425 1428 519 1514 lapsu
535 1427 619 1492 flexo
637 1448 711 1491 cum
729 1447 860 1511 corpore
878 1445 1018 1510 serpens.

157 1531 196 1570 4⁶0
243 1450 333 1588 liaeo,
352 1525 449 1598 caput
466 1524 563 1596 atque
581 1512 690 1577 oculos
708 1523 859 1594 torquens
877 1511 918 1574 ad
936 1522 1027 1595 terga
1045 1509 1160 1595 Nepai,

244 1619 452 1681 convexoque
469 1598 542 1662 sinu
560 1597 689 1662 subiens
706 1596 832 1660 inferna
849 1596 982 1671 Leonis,

245 1679 443 1748 Centaurum
459 1683 524 1747 levi
542 1681 699 1766 contingit
715 1681 839 1745 lubrica
857 1681 970 1757 cauda,

242 1767 276 1830 in
294 1768 462 1850 medioque
480 1767 552 1832 sinu
569 1765 697 1852 fulgens
717 1763 879 1832 Cratera
896 1767 1030 1832 relucet,

156 1857 209 1912 220
245 1864 419 1918 extremam
436 1853 540 1917 nitens
558 1853 702 1938 plumato
721 1873 853 1938 corpore
872 1849 1023 1918 Corvus

158 1953 195 1994 res
243 1950 346 2002 rostro
364 1937 479 2014 tundit,
498 1950 531 2003 et
548 1938 600 2002 hic
619 1935 766 2003 Geminis
783 1948 832 2003 est
849 1937 902 2002 ille
921 1937 981 2002 sub
999 1937 1077 2022 ipsis

242 2023 453 2100 Antecanem,
473 2021 574 2089 Graio
592 2022 742 2108 Procyon
759 2023 815 2105 qui
832 2023 962 2086 nomine
979 2021 1090 2087 fertur.

286 2109 379 2173 Haeo
397 2119 480 2186 sunt,
498 2129 582 2192 quae
599 2109 705 2174 visens
723 2119 878 2173 nocturno
896 2119 1041 2194 tempore
1059 2107 1151 2194 signa

243 2206 470 2277 aeternumque
488 2195 599 2258 volens
616 2194 727 2258 mundi
745 2215 933 2279 pernoscere
950 2205 1074 2258 motum

156 2283 208 2338 220
241 2277 385 2365 legitimo
403 2301 513 2346 cernes
532 2280 656 2344 caelum
673 2279 841 2344 lustrantia
859 2300 964 2344 cursu.

156 2381 195 2422 4⁷0
242 2388 328 2442 nam,
347 2386 430 2448 quae
447 2387 505 2450 per
523 2365 571 2430 bis
590 2387 646 2430 sex
663 2365 827 2452 signorum
846 2364 947 2429 labier
964 2363 1073 2429 orbem

243 2451 384 2534 quinque
402 2451 505 2516 solent
523 2451 643 2528 stellae,
661 2450 757 2515 simili
773 2450 895 2514 ratione
912 2449 1016 2513 notari

242 2557 307 2600 non
323 2547 471 2621 possunt,
489 2537 566 2620 quia
583 2557 666 2620 quae
684 2535 808 2600 faciunt
825 2535 961 2620 vestigia
979 2556 1074 2598 eursu

243 2644 308 2685 uon
326 2623 440 2688 eodem
458 2644 584 2707 semper
603 2621 706 2708 spatio
724 2621 858 2708 protrita
875 2630 1031 2686 teruntur.

157 2711 209 2767 230
245 2706 291 2770 sic
309 2708 434 2772 malunt
451 2730 556 2772 errare
574 2729 677 2793 vagae
695 2730 753 2793 per
769 2706 881 2772 nubila
899 2705 985 2771 caeli·

156 2809 195 2848 4⁷⁵
244 2803 340 2874 atque
358 2814 433 2856 suos
451 2793 539 2856 vario
556 2807 646 2857 motu
664 2791 804 2856 metirier
821 2791 918 2856 orbisr

242 2875 304 2940 hae
321 2876 444 2940 faciunt
461 2898 596 2960 magnos
613 2876 781 2962 longinqui
799 2877 949 2962 temperis
968 2897 1078 2953 annos,

244 2983 317 3024 cum
334 2961 469 3027 redeunt
487 2961 529 3026 ad
545 2961 631 3026 idem
649 2962 730 3027 caeli
747 2963 808 3028 sub
825 2963 966 3047 tegmine
984 2961 1127 3046 signum3

243 3068 378 3130 quarum
396 3069 458 3132 ego
475 3067 561 3112 nunc
578 3068 702 3131 nequeo
720 3059 820 3113 tortos
838 3049 985 3113 evolvere
1004 3069 1131 3112 cursus:

156 3141 209 3194 235
243 3154 355 3196 verum
372 3131 462 3208 haec,
480 3152 563 3214 quae
581 3154 708 3217 semper
725 3144 811 3198 certo
829 3133 1001 3198 volvuntur
1018 3131 1051 3197 in
1069 3132 1147 3198 orbe

156 3237 196 3277 rso
243 3217 317 3293 fixa,
336 3217 430 3282 simul
448 3237 582 3302 magnos
601 3217 732 3283 edemus
749 3218 899 3304 gentibus
917 3217 1012 3282 orbis.

263 3351 267 3360 .
287 3301 457 3384 Quattuor,
477 3313 606 3368 aeterno
618 3303 796 3368 lustrantes
813 3303 933 3369 lumine
950 3302 1118 3380 mundum,

243 3387 336 3452 orbes
355 3388 506 3472 stelligeri
523 3399 686 3472 portantes
704 3389 797 3474 signa
813 3388 969 3466 feruntur,

243 3472 382 3556 amplexi
399 3484 500 3538 terras
518 3474 599 3538 caeli
617 3473 677 3538 sub
695 3476 835 3560 tegmine
853 3474 935 3539 fulti.

155 3563 209 3620 240
243 3579 260 3622 e
279 3557 395 3639 quibus
414 3578 568 3622 annorum
587 3559 752 3624 volitantia
769 3560 890 3624 lumina
907 3581 1030 3638 nosces,

156 3659 195 3703 sss
245 3663 327 3725 quae
346 3642 452 3708 densis
470 3642 617 3710 distincta
634 3644 743 3710 licebit
760 3668 889 3711 cernere
907 3645 1017 3730 signis.

242 3741 308 3792 tam
325 3751 460 3828 magnos
478 3729 564 3793 orbis
581 3751 698 3880 magno
717 3753 790 3796 oum
806 3731 927 3796 lumine
944 3731 1036 3808 lates,

243 3814 366 3878 vinctos
383 3825 466 3878 mter
484 3837 518 3879 se
537 3826 568 3880 et
584 3838 627 3880 no
652 3816 677 3880 's
696 3815 887 3882 caelestibus
905 3840 924 3880 a
947 3827 1006 3892 tos,

243 3911 338 3984 atque
356 3899 424 3984 pari
444 3900 546 3985 spatio
564 3901 628 3966 duo
647 3924 757 3968 cernes
775 3923 845 3966 esse
861 3839 999 3966 duolus.

157 3991 209 4046 240
244 3998 277 4049 at
294 3985 321 4050 si
338 3997 493 4050 nocturno
512 3987 677 4051 convisens
696 3999 838 4072 tempore
856 3988 990 4063 eaelum,

154 4087 196 4128 co
244 4093 317 4136 cum
334 4091 438 4156 neque
456 4071 596 4156 caligans
616 4071 745 4138 detersit
762 4071 866 4138 sidera
883 4072 995 4150 nubes,
