2674 4558
501 278 752 336 FRAGMENTA.
1134 266 1176 329 27

97 403 168 468 esset,
182 398 234 454 nisi
246 403 275 454 11
289 399 380 470 ipsius
392 397 494 454 actoris
506 404 579 454 esset
590 399 706 454 honesta
712 415 847 522 persona,
865 404 894 454 et
909 417 967 469 res,
983 400 1087 470 deque
1102 398 1177 454 locu-

97 467 451 539 1111111110111111011.
486 468 699 540 Augustinus
728 469 771 536 49,
784 469 825 523 15.
840 468 883 522 ed.
896 467 989 522 Halm.

147 540 175 604 2.
195 539 359 626 permulsa
375 551 472 623 atque
490 550 632 604 recreata
649 550 708 604 est.
751 543 858 600 Prisc.
871 545 925 614 IX,
937 545 963 614 9,
975 545 1018 600 51.

146 625 173 690 3.
194 625 254 690 nisi
272 646 386 690 eorum
403 624 500 690 exitio
523 646 588 690 non
610 625 836 708 requieturam.
880 629 987 684 Prisc.
999 629 1038 700 X,
1050 631 1076 700 3,
1090 631 1132 686 18.

144 710 172 774 4.
193 715 350 770 contionem
366 721 461 770 autem
475 715 531 770 tria
548 714 722 786 significare,
738 717 829 771 locum
841 720 869 770 et
885 713 984 785 verba,
1001 721 1178 788 suggestum-

92 810 136 864 que
149 791 219 848 unde
234 792 323 866 verba
338 791 452 861 fierent,
470 791 541 846 sicut
552 791 591 846 M.
605 792 714 846 Tullius
729 791 760 848 in
776 791 907 860 oratione,
925 808 997 863 quse
1013 793 1119 863 scripta
1136 797 1178 848 est

92 876 172 925 onus
182 869 342 928 centonem
352 868 507 938 QMetelli,
521 864 650 928 essendi
666 868 757 940 inquit
772 865 805 928 in
824 864 1020 930 contionemz
1044 885 1177 930 concur·

92 973 135 1016 sus
151 961 195 1014 est
211 950 325 1035 populi
344 948 459 1014 factus.
505 953 638 1010 Gellius
650 955 760 1024 XVIII,
773 956 798 1009 I.

143 1035 171 1100 5.
191 1041 241 1097 illa
251 1071 288 1082 -
299 1041 378 1112 apud
390 1038 553 1096 Ciceronem
564 1039 634 1094 mira
650 1039 802 1112 figurarum
816 1041 935 1096 mixtura
951 1041 1177 1113 deprehenditur,

91 1118 176 1188 inqua
191 1121 220 1172 et
234 1117 329 1189 primo
345 1115 432 1172 verbo
446 1117 531 1188 longo
546 1121 610 1188 post
624 1117 770 1172 intervallo
785 1117 926 1174 redditum
943 1122 986 1172 est
1004 1117 1133 1172 ultimum
1149 1122 1179 1171 et

92 1195 167 1250 neila
177 1193 273 1266 primis
286 1199 317 1248 et
333 1191 434 1248 mediis
444 1193 543 1248 ultima
555 1199 723 1264 congruunt:
741 1197 881 1254 vestrum
898 1189 963 1253 iam
986 1189 1038 1254 hie
1055 1189 1178 1254 factum

91 1274 334 1360 reprehenditur,
360 1283 468 1359 patres
489 1273 674 1360 conscripti,
701 1295 766 1338 non
788 1297 912 1350 meum3
939 1296 978 1339 ae
1003 1273 1178 1360 pulcherri-

91 1384 164 1426 mum
183 1361 318 1445 quidem
341 1359 477 1435 factum,
504 1381 630 1435 verum,
658 1369 695 1424 ut
721 1359 801 1436 dixi,
828 1381 894 1423 non
911 1381 1019 1424 meum
1042 1360 1099 1424 sed
1121 1382 1177 1424 ve·

91 1458 184 1510 strum
227 1450 345 1516 Quint
363 1449 417 1520 IX,
433 1449 459 1520 3,
475 1449 561 1506 4111.
578 1450 646 1504 Isid.
663 1449 702 1519 Π,
718 1449 761 1519 21,
779 1451 838 1505 Set
853 1451 961 1506 Anecd.
977 1449 1074 1504 Eekst.
1091 1466 1120 1520 p.
1133 1449 1175 1504 15.

91 1536 138 1607 (nbi
146 1536 249 1609 legitur
266 1529 495 1617 reprehendo.)

143 1627 170 1690 6.
191 1649 289 1686 sensus
302 1645 414 1702 quoque
425 1627 490 1698 toti,
502 1629 734 1700 quemadmodum
746 1635 906 1701 coeperunt,
919 1628 1062 1684 desinunt:
1090 1623 1178 1690 venit

91 1733 124 1776 er
141 1711 227 1776 Asia.
276 1710 342 1776 hoc
368 1711 482 1795 ipsum'
496 1730 594 1794 quem
616 1709 750 1774 novuml
779 1710 926 1776 tribunus
952 1711 995 1796 pl.
1023 1710 1111 1776 venit
1138 1733 1178 1776 ex

92 1797 167 1863 Asia.
182 1802 213 1858 11
230 1802 334 1858 cedem
344 1805 439 1856 temen
450 1801 566 1872 periodo
578 1805 607 1856 11
617 1798 732 1855 verbum
743 1800 870 1856 ultimum
882 1800 972 1876 primo
983 1801 1111 1872 refertur,
1123 1805 1179 1856 ter-

92 1887 400 1954 tiumiaminsermone3
413 1885 554 1941 adiectum
562 1890 605 1942 est
618 1885 705 1940 enim:
725 1894 946 1948 verumtamen
960 1883 1057 1947 venit.
1078 1886 1122 1942 ib.
1134 1887 1178 1944 43.

143 1975 171 2040 ’1.
192 1980 354 2052 aliquando,
366 1979 439 2034 sicut
448 1979 479 2034 11
490 1979 677 2052 geminatione
689 1981 835 2037 verborum
844 1981 971 2052 diximus,
980 1981 1061 2036 initia
1070 1997 1179 2053 quoque

94 2063 116 2111 et
125 2059 257 2114 clausulae
270 2055 472 2112 sententiarum
484 2057 559 2126 aliis,
577 2057 693 2114 sednon
705 2058 760 2112 alio
771 2059 949 2114 tendentibus
959 2056 1053 2113 verbis
1063 2057 1138 2113 inter
1149 2075 1179 2112 se

95 2139 240 2216 misenant;
257 2133 342 2188 initia
353 2133 407 2189 hoc
418 2135 513 2189 modo:
537 2129 711 2196 dediderim
733 2130 882 2214 perieulis
900 2129 1062 2206 omnibus,
1086 2130 1181 2195 obtu-

94 2213 170 2279 lerim
180 2215 319 2291 insidiis,
329 2213 500 2279 obiecerim
513 2212 662 2280 invidiae.
684 2237 778 2275 rursus
790 2220 943 2291 clausulaeq
955 2218 1061 2276 ibidem
1072 2220 1180 2287 statimc

95 2300 242 2438 yps45enim
265 2299 440 2378 statuistis,
467 2321 524 2364 vos
547 2300 737 2366 sententiam
759 2300 897 2376 dixistis,
924 2322 982 2365 vos
1004 2300 1180 2366 iudicastis.

95 2397 130 2435 1.
171 2423 177 2436 .

147 2453 174 2519 8.
194 2459 302 2530 inveni,
314 2459 363 2530 qui
375 2465 404 2514 et
413 2459 468 2514 hoc
478 2459 584 2528 πλοκὴν
592 2463 716 2515 vocaret:
726 2474 846 2538 quaero
860 2453 902 2516 ab
915 2452 1063 2529 inimicis,
1077 2453 1181 2518 sintne

95 2536 161 2604 haee
178 2540 389 2626 investigata,
412 2550 590 2626 comperta,
617 2537 794 2624 patefacta,
817 2536 958 2612 sublata,
982 2535 1102 2614 deleta,
1126 2560 1182 2602 ex·

96 2624 194 2690 stineta
210 2649 272 2712 per
288 2647 351 2690 me.
377 2629 424 2686 cui
438 2647 494 2685 101
505 2628 653 2699 assentior,
670 2645 732 2706 eum
748 2628 804 2682 sint
818 2628 899 2683 unius
916 2626 1024 2698 figurae
1037 2631 1066 2682 et
1079 2627 1183 2682 mixtae

96 2721 198 2778 quoque,
210 2714 240 2763 11
250 2709 330 2763 idem
342 2713 370 2764 11
385 2707 523 2762 diversum
535 2703 737 2778 significantia,
751 2705 826 2776 quod
838 2708 866 2758 et
876 2703 969 2775 ipsum
980 2701 1125 2777 διαλλαγὴν
1135 2722 1182 2760 vo·

96 2789 160 2838 ant:
176 2779 379 2865 investigata,
398 2789 571 2866 comperta,
588 2774 749 2862 patefacta
766 2781 843 2836 aliud
859 2780 1021 2852 ostendunt,
1044 2777 1181 2854 sublata,

95 2862 196 2959 deleta,
213 2865 372 2932 exstincta
395 2874 459 2926 sunt
480 2869 553 2924 inter
576 2884 606 2922 se
630 2866 746 2938 similia,
774 2869 903 2924 sednon
926 2868 1011 2924 etiem
1033 2867 1183 2942 prioribus.

97 2943 400 3114 Qmiiieltxhloiliuitem
411 3023 568 3112 exemplum
579 3026 608 3076 et
619 3023 745 3112 superius
757 3023 842 3113 aliam
853 3039 963 3094 quoque
976 3021 1101 3110 efficiunt
1111 3019 1183 3092 figu-

96 3115 246 3240 Melit
255 3096 1185 3242 11111111111111111111111111111111

98 3249 180 3302 1111
188 3247 346 3304 contionem
354 3245 474 3301 Metelli:
492 3240 548 3323 qui
560 3238 795 3316 indicabantur,
814 3238 1001 3316 custodori,
1020 3236 1183 3312 custodiri,

99 3322 136 3386 ad
150 3337 293 3393 senatum
310 3325 427 3392 adduci
443 3324 533 3401 iussi,
550 3323 586 3388 in
603 3336 716 3390 senatu
733 3335 808 3390 sunt
825 3325 921 3411 positi
1006 3333 1035 3384 et
1052 3333 1126 3384 totus
1137 3327 1185 3382 hic

98 3403 164 3461 locus
172 3409 238 3464 talis
251 3413 302 3463 est.
338 3407 448 3480 Quint.
461 3407 514 3478 IX,
526 3407 552 3477 3,
565 3407 607 3462 50.

154 3487 201 3552 10.
222 3495 295 3550 haec
309 3493 425 3548 inferior
436 3491 582 3566 (definitio)
594 3493 721 3548 oratoriis
733 3492 889 3548 actionibus
901 3491 1033 3548 dilatatur
1050 3497 1078 3548 et
1093 3489 1184 3564 magis

99 3565 319 3642 descriptionibus
334 3575 378 3637 [ct
393 3569 528 3626 eiusmodi
544 3569 763 3638 definitionibus]
777 3569 948 3640 explicatur,
965 3585 1037 3641 quae
1050 3567 1184 3640 expluri-

99 3633 144 3723 bus
158 3640 302 3710 speciebus
316 3654 377 3694 rem
391 3643 547 3707 notent,·ut
558 3637 597 3692 M.
610 3637 720 3692 Tullius
736 3643 832 3693 contra
848 3638 1003 3694 contionem
1018 3637 1052 3701 Q.
1065 3635 1185 3692 Metelli:

99 3726 150 3845 quq
174 3712 316 3807 animum
345 3710 492 3774 hostilem
521 3709 620 3776 habet
646 3720 678 3775 et
708 3710 799 3776 euius
830 3709 916 3776 iacta
946 3709 1073 3774 hostilia
1098 3715 1184 3771 sunt.

120 3829 126 3844 .
154 3793 193 3847 ul.
204 3794 334 3850 Victor.
349 3793 410 3862 398,
422 3793 447 3846 9.

156 3872 204 3937 11.
225 3877 376 3933 imitandus
392 3877 430 3933 sit
445 3877 569 3948 Tullius,
587 3895 649 3934 cum
664 3895 780 3950 parcere
795 3878 840 3933 vel
855 3877 967 3934 laedere
982 3873 1130 3947 potuisset,
1156 3875 1189 3925 ut

99 3948 150 4020 ipse
165 3947 298 4025 affirmat,
317 3953 481 4026 ignoscendi
501 3969 637 4076 quaerens
657 3970 769 4036 causas,
789 3971 844 4010 non
883 3951 999 4033 uniendi
1018 3947 1186 4016 occasiones,

99 4023 164 4144 {110}
179 4023 278 4147 1112ᾶί111
294 4023 364 4078 lenti
379 4028 409 4078 et
424 4022 500 4079 consi
521 4022 592 4078 erati
613 4031 654 4080 est
674 4040 823 4095 proprium.
891 4035 1018 4098 mmran.
1037 4016 1186 4072 Marcell.

165 4131 172 4161 ἲ
218 4133 226 4149 1
