2674 4558
129 195 164 258 -8
489 205 527 258 Μ.
546 204 683 263 TULLII
701 203 901 263 CICERONIS

147 329 275 383 Globulus
288 329 405 381 tribunus
418 328 458 396 pl.
471 327 589 380 inventus
601 335 666 395 erat,
681 329 726 397 qui
738 326 766 382 0.
782 327 902 381 Cornelio
915 327 1057 382 obsisteret:
1075 327 1110 396 is,
1131 328 1189 380 ubi
1202 329 1292 396 lepis

144 397 272 464 saundae
287 397 341 450 dces
356 397 423 450 uenit
439 405 462 448 et
474 412 573 462 praeco
590 396 727 450 subiciente
743 396 830 449 scriba
846 397 1004 464 verba-lepis
1020 397 1136 450 recitare
1150 399 1286 466 populo
1305 427 1306 450 ;

147 467 241 534 coepit,
259 473 283 518 et
294 467 407 518 scribam
419 465 533 516 subicere
545 473 569 516 et
581 481 741 532 praeconem
752 465 928 533 pronuntiare
938 481 1033 534 passus
1044 482 1098 517 non
1110 474 1165 518 est.
1211 474 1285 516 tum

147 533 284 587 Cornelius
298 535 353 603 ipse
368 533 481 585 codicem
497 532 626 600 recitauit,
650 534 792 603 quodcum
808 533 923 600 improbe
941 535 1002 603 fieri
1023 534 1055 597 C,
1069 533 1137 586 Piso
1162 535 1286 586 consul

144 603 300 654 uebementer
325 610 474 683 quereretur
499 602 604 670 tollique
624 618 656 654 ea
676 619 706 654 re
726 601 890 654 tribuniciam
914 602 1122 655 intercessionem
1148 602 1283 668 diceret,
1305 629 1306 634 =

144 673 221 738 proci
235 670 348 722 convicto
366 686 384 722 a
396 671 495 738 populo
513 677 632 738 exceptas
648 678 700 735 est;
721 678 744 722 et
762 687 820 722 cam
831 670 876 722 ille
887 687 942 737 eos,
960 672 1005 740 qui
1019 671 1069 722 sibi
1083 670 1279 722 intentabant
1305 723 1306 726 ,

145 755 251 804 manus,
265 738 363 807 prendi
373 755 391 790 a
402 738 494 790 lictore
509 737 636 804 iussisset,
653 737 737 804 fracti
747 740 801 790 eius
819 737 906 804 fasces
916 748 990 805 suut,
1007 739 1163 808 lapidesque
1178 739 1277 791 etiam

145 825 177 860 ea·
192 808 285 859 ultima
301 807 419 860 contiane
434 806 462 858 in
479 807 609 858 consulem
631 807 705 858 iacti:
727 823 777 876 qao
795 809 905 859 tumultu
923 807 1059 861 Cornelius
1076 805 1274 874 perturbatus
1305 867 1306 872 η

146 876 283 928 concilium
299 875 402 928 dimisit.
439 884 525 927 actum
541 875 631 927 deinde
643 875 731 928 eadem
747 875 778 927 de
789 892 819 928 re
835 876 862 926 in
873 883 965 928 senatu
977 884 1015 928 est
1026 875 1130 943 mopnis
1143 883 1272 926 conten-

146 944 264 996 tionibus.
301 952 354 996 tum
372 943 508 998 Cornelias
525 943 563 995 ita
578 942 650 1009 ferre
666 959 760 994 rursus
772 944 867 1012 coepit,
884 961 916 996 ne
932 944 989 1015 quis
1000 945 1028 995 in
1040 951 1135 1008 senatu
1153 943 1277 1010 lepibus

146 1014 299 1080 solveretur,
316 1013 369 1064 nisi
381 1011 428 1065 00
437 1009 586 1080 affuissent,
603 1027 664 1064 neue
684 1011 754 1082 aurs,
777 1028 834 1063 curn
855 1013 955 1064 solutus
971 1020 1048 1078 esset,
1069 1011 1270 1076 intercederet,

146 1097 205 1133 cum
221 1081 252 1132 de
269 1097 300 1132 ea
315 1081 391 1132 read
403 1081 531 1148 populum
547 1078 668 1145 ferretur.
703 1081 765 1132 baec
777 1081 832 1132 sine
848 1082 958 1132 tumultu
968 1097 1011 1133 res
1023 1087 1084 1133 acta
1096 1088 1153 1143 est;
1176 1095 1269 1132 nemo

147 1151 215 1202 euim
229 1165 327 1230 nepare
339 1155 456 1216 poterat,
471 1163 524 1216 pro
542 1147 696 1200 auctoritate
711 1156 816 1200 senatus
833 1165 888 1200 esse
904 1165 961 1200 eam
983 1150 1076 1216 lepem:
1097 1147 1147 1200 sed
1164 1155 1266 1200 tamen

147 1233 204 1270 eam
216 1219 273 1270 tuta
285 1217 370 1269 invitis
382 1216 559 1284 optimatibus,
577 1218 623 1285 qui
638 1218 679 1268 uel
686 1217 769 1284 pauci
779 1219 807 1269 S.
826 1217 854 1270 0.
954 1216 1107 1287 pratificari
1120 1215 1263 1268 solebant.

147 1287 227 1338 aliam
240 1285 329 1337 dando
346 1286 426 1352 lepem
441 1285 587 1351 Cornelius,
604 1285 652 1338 etsi
661 1301 735 1338 nemo
747 1300 894 1353 repupnare
906 1301 985 1338 ausus
998 1293 1046 1352 est,
1060 1285 1150 1336 multis
1163 1292 1264 1336 tamen
1305 1333 1306 1336 ,

147 1353 233 1406 inuitis
249 1353 319 1420 tulit,
340 1362 378 1405 ut.
385 1362 522 1421 praetores
537 1370 569 1406 ea
585 1354 673 1406 edictis
688 1353 744 1405 suis
760 1353 893 1421 perpetuis
913 1354 954 1406 ins
970 1355 1098 1418 dicerent;
1121 1369 1195 1422 quae
1211 1369 1265 1404 res·

147 1430 267 1476 cunctam
288 1422 403 1490 pretium
426 1421 567 1474 ambitiosis
587 1421 766 1489 praetoribus,
791 1421 838 1490 qui
858 1422 930 1474 uarie
951 1423 992 1474 ius
1015 1421 1099 1474 dicere
1119 1419 1263 1485 solebant,

147 1491 257 1543 sustulit.
293 1491 361 1542 alias
373 1507 474 1559 quoque
485 1490 630 1557 complures
641 1491 708 1556 lepos
723 1489 858 1542 Cornelius
866 1491 1050 1558 promalpaait,
1063 1488 1158 1558 quibtts
1165 1488 1258 1556 pleri-

146 1576 196 1630 ‹pnc
213 1560 327 1626 collepae
341 1562 566 1610 intercesserunts·
598 1575 626 1608 er
642 1573 709 1626 quas
729 1559 902 1609 contentiones
918 1567 985 1610 totus
999 1574 1082 1626 prope
1099 1557 1259 1610 tribunatus

147 1629 202 1679 eius
214 1635 340 1694 peractus
352 1635 397 1678 est.
432 1643 459 1678 se
477 1634 550 1677 uente
604 1625 657 1678 'nde
669 1641 739 1677 anno
751 1625 799 1677 M!
810 1625 908 1694 Lepido
921 1626 952 1678 L.
971 1625 1087 1680 Volcatio
1100 1641 1178 1692 coss,
1197 1641 1256 1694 quo
1305 1685 1306 1688 Ἴ

148 1712 218 1747 anno
226 1703 337 1762 praetor
348 1695 438 1747 Cicero
450 1643 509 1760 ibit,
522 1710 594 1745 reum
607 1693 755 1746 Cornelium
767 1694 817 1745 duo
829 1693 927 1760 fratres
938 1694 1050 1747 Cominii
1057 1697 1112 1762 lepe
1124 1694 1254 1748 Cornelia
1305 1757 1306 1760 Ἴ

147 1765 179 1816 de
195 1763 327 1815 maiestate
347 1763 479 1829 secernam
499 1761 587 1814 detulit
606 1777 701 1814 nomen
716 1762 839 1827 Publius,
860 1763 1012 1830 subscripsit
1029 1761 1124 1827 Caius;
1148 1770 1255 1814 etcum
1305 1813 1306 1820 ,

146 1833 180 1885 Ρ.
195 1832 301 1884 Cassius
315 1841 423 1898 praetor
435 1829 531 1884 decim
543 1831 595 1895 die,
619 1839 647 1882 ut
658 1846 714 1884 mos
726 1839 775 1896 est,
798 1831 887 1882 adesse
898 1831 1025 1898 iussisset,
1047 1847 1127 1900 ecque
1139 1831 1181 1882 die
1192 1831 1256 1898 ipse
1305 1869 1306 1872 ,

147 1918 201 1952 non
213 1897 341 1968 affuisset,
353 1917 399 1952 seu
411 1907 535 1951 avocatus
549 1907 657 1966 propter
668 1897 770 1966 publici
784 1897 909 1964 frumenti
923 1916 1014 1952 curam
1029 1916 1075 1952 seu
1089 1899 1252 1968 prolificans
1305 1899 1306 1922 ³

146 1987 201 2034 reo,
214 1969 379 2020 circumuenti
388 1976 448 2019 sant
460 1975 520 2018 ante
536 1966 650 2018 tribunal
666 1966 719 2018 etus
732 1975 897 2020 accusatores
909 1985 926 2020 a
938 1969 1006 2020 notis
1017 1983 1158 2036 operarum
1174 1966 1248 2018 duci·
1305 1987 1306 1994 ¹

148 2038 206 2102 bus,
218 2038 257 2088 ita
268 2045 296 2089 ut
307 2052 377 2088 mors
388 2037 569 2100 intentaretur,
585 2035 610 2086 si
621 2036 706 2100 [mcc]
719 2053 773 2086 non
784 2035 933 2088 desisterent
937 2055 948 2101 ;
959 2053 1038 2105 quam
1045 2035 1189 2104 perniciem
1203 2035 1250 2086 m'x

146 2103 293 2175 effuperunt
308 2105 451 2156 interuentu
468 2103 609 2169 consulum,
628 2103 674 2172 qui
688 2103 808 2156 advocati
823 2121 867 2156 reo
879 2105 1071 2157 descenderant.
1108 2112 1132 2156 et
1148 2119 1205 2156 cum
1216 2103 1247 2154 in
1305 2113 1306 2166 ἶ

146 2173 234 2224 scalas
250 2173 377 2241 quasdam
395 2171 507 2224 Cominii
520 2169 658 2240 sapissent,
676 2172 762 2224 clausi
772 2173 824 2238 [in]
838 2181 938 2224 noctem
954 2173 991 2225 ibi
1003 2189 1031 2226 se
1042 2174 1246 2236 occultaverunt,
1305 2183 1306 2194 ¹

148 2241 238 2292 deinde
249 2257 300 2308 per
317 2248 383 2292 tecta
394 2239 539 2292 uicinorum
555 2240 656 2292 aedium
668 2239 845 2308 prbfupernnt
860 2258 892 2294 cc
907 2241 977 2294 urbe.
1008 2249 1115 2310 postero
1128 2240 1167 2292 die
1184 2256 1245 2292 cum
1305 2251 1306 2256 ’

148 2310 178 2362 P.
194 2309 300 2363 Cassius
316 2307 452 2360 assedisset
467 2316 491 2360 et
506 2309 580 2360 citati
594 2316 760 2360 accusatores
775 2326 829 2360 non
846 2310 975 2376 adessent,
992 2317 1134 2377 exemptum
1149 2324 1243 2360 nomen

147 2385 185 2430 est
197 2377 228 2429 de
240 2377 291 2430 reis
304 2377 420 2431 Cornelii
422 2395 433 2442 ;
451 2376 563 2430 Cominii
577 2385 662 2429 autem
673 2393 770 2444 mapna
787 2375 899 2443 infamia
911 2375 1091 2446 flapraverunt
1102 2377 1245 2429 vendidisse
1305 2417 1306 2422 ,

81 2447 82 2450 ’
146 2446 274 2498 silentium
293 2448 413 2513 [mapna]
427 2445 550 2513 pecunia.
585 2453 704 2514 sequente
721 2446 811 2498 deinde
827 2461 909 2512 anno,
927 2447 960 2499 L.
975 2446 1049 2499 Cotta
1064 2445 1097 2498 L.
1110 2447 1242 2514 Torquato

147 2531 222 2581 coss,
240 2531 290 2584 qun
306 2515 369 2566 baec
385 2515 469 2566 oratio
486 2530 504 2566 a
522 2513 646 2567 Cicerone
664 2514 798 2582 praetorio
819 2514 888 2567 dicta
904 2522 953 2580 est,
970 2531 1029 2566 cum
1046 2515 1065 2581 †
1073 2514 1161 2581 prima
1174 2529 1240 2580 pars

146 2583 186 2637 M.
200 2583 339 2650 Manilius,
357 2583 404 2651 qui
413 2581 536 2635 iudicium
548 2599 599 2651 per
611 2598 751 2650 operarum
763 2583 839 2635 duces
852 2583 1013 2646 turbaverat,
1032 2581 1121 2633 deinde
1132 2581 1198 2650 quod
1208 2598 1242 2632 ec
1305 2611 1306 2614 =

147 2654 177 2705 S.
192 2653 221 2704 C.
234 2667 304 2702 anno
317 2667 369 2702 cos.
387 2690 459 2704 ......
473 2651 670 2718 praesidebant,
683 2659 708 2702 et
720 2651 812 2703 iudicio
824 2667 877 2702 non
889 2650 1062 2717 respondisset
1074 2687 1146 2701 ......
1164 2657 1242 2716 atque

146 2727 210 2772 esset
222 2719 373 2783 damnatus,
394 2720 545 2770 decreuisset
560 2717 722 2788 (insum)iam
738 2727 859 2786 acceptae
870 2717 997 2784 pecuniae
1012 2717 1103 2768 tollere
1118 2716 1153 2768 ait
1164 2754 1236 2769 ......
1305 2769 1306 2772 ,

148 2785 297 2840 Cornelium
309 2787 364 2853 lepe
375 2787 524 2838 maiestatis.
559 2803 601 2837 res
614 2795 675 2838 acta
687 2794 723 2837 est
735 2802 833 2852 mapna
844 2785 1032 2852 exspectatione
1042 2785 1168 2852 †paucos
1179 2793 1240 2836 ante

147 2872 186 2907 me
197 2871 258 2922 erpo
265 2891 339 2907 ......
347 2851 650 2920 Cornelius‚perterritus
655 2853 763 2905 Manilii
773 2854 840 2904 cuitu
845 2851 993 2922 (neminem)
999 2852 1026 2905 in
1038 2853 1156 2904 iudicium
1168 2853 1237 2905 adbi-
1305 2879 1306 2886 κ

148 2923 206 2990 buit,
219 2931 247 2974 ut
258 2939 292 2974 ne
303 2923 404 2974 clamor
416 2921 516 2990 quidem
528 2922 598 2974 ullus
609 2921 643 2972 ab
655 2921 787 2972 aduocatis
800 2921 853 2972 eius
866 2921 987 2972 oriretur.
1015 2921 1134 2974 dicerunt
1144 2921 1169 2973 in
1180 2937 1235 2973 eum
1305 2933 1306 2948 ³

145 2990 235 3058 infesti
254 2990 400 3043 testimonia
420 2989 554 3058 principes
575 2987 697 3053 orbitatis,
724 2988 770 3058 qai
789 2989 931 3056 plurimum
954 2989 982 3040 in
1002 2997 1094 3042 senatu
1109 2997 1234 3058 poterant,
1305 3009 1306 3012 ¹

149 3061 178 3121 Q.
192 3059 361 3124 Hortensius,
385 3059 415 3118 Q.
430 3057 550 3123 Catulus,
574 3057 604 3117 Q.
619 3057 739 3110 Metellus
753 3057 831 3122 Pius,
852 3057 884 3109 L.
897 3057 1037 3124 Lucullus,
1054 3058 1102 3111 Ml
1113 3058 1232 3127 Lepidum
1305 3085 1306 3116 fi

146 3130 266 3182 maurit
283 3137 368 3180 autern
384 3127 444 3180 boc:
467 3125 559 3179 audisse
574 3141 613 3192 se,
638 3141 696 3178 cum
714 3125 850 3178 Cornelias
865 3125 893 3177 in
913 3126 1046 3178 tribunatu
1062 3125 1168 3178 codicem
1184 3142 1234 3192 pro
1305 3157 1306 3182 1

145 3197 240 3248 rostris
262 3195 317 3263 ipse
340 3194 475 3260 recitaret,
500 3194 570 3263 qaod
589 3201 649 3245 ante
667 3193 816 3246 Cornelium
835 3209 909 3245 nemo
929 3193 1022 3260 secisse
1041 3195 1229 3246 enistimnretnr.

145 3263 265 3317 colebant
281 3263 373 3329 maeri,
394 3280 422 3316 se
436 3262 553 3314 iudicare
569 3278 626 3313 eam
642 3277 697 3316 rem
717 3277 812 3329 mapno
828 3278 906 3330 opere
921 3263 957 3316 acl
976 3262 1073 3315 crimen
1092 3263 1235 3314 imminutae,
1305 3311 1306 3314 ,

146 3333 287 3385 maiestatis
301 3331 477 3400 [tribuniciae]
492 3331 639 3399 pertinere,·
654 3329 745 3381 etenim
758 3346 841 3398 prope
857 3330 995 3383 tollebatur
1006 3331 1158 3396 intercessio,
1169 3329 1191 3381 si
1205 3331 1230 3382 id
1305 3355 1306 3382 ς

146 3401 255 3452 tribunis
264 3400 463 3468 permitteretur.
500 3398 603 3465 Cicera,
617 3399 678 3467 quia
690 3415 743 3449 non
757 3407 860 3466 poterat
871 3417 966 3468 nepare
977 3399 1005 3451 id
1019 3399 1119 3466 factum
1130 3415 1189 3464 esse,
1201 3416 1227 3450 eo

146 3466 282 3536 confupit„
291 3475 319 3520 ut
332 3467 438 3534 diceret,
454 3485 508 3519 non
519 3467 589 3534 idem
605 3467 675 3536 quod
685 3467 765 3520 lectus
779 3466 812 3518 sit
829 3468 909 3520 codex
920 3485 937 3520 a
949 3468 1064 3533 tribuno,
1081 3468 1229 3520 imminutam
1305 3477 1306 3498 ³

145 3553 201 3590 esse
217 3535 381 3588 tribuniciam
394 3543 554 3604 potestatem.
589 3551 643 3616 qua
659 3551 718 3586 cero
735 3543 792 3588 arte
807 3544 832 3587 et
846 3536 952 3588 scientia
969 3536 1106 3602 orationes,
1123 3535 1157 3588 ita
1171 3543 1195 3586 ut
1205 3544 1229 3588 et
1305 3587 1306 3602 ,

145 3604 294 3674 dipsitatem
318 3604 522 3656 clarissimorum
545 3603 650 3668 cimam,
674 3611 767 3656 contra
787 3619 852 3674 quas
871 3604 981 3670 dicebat,
1002 3622 1056 3656 non
1076 3605 1186 3670 uiolaret,
1205 3613 1228 3656 et
1305 3647 1306 3672 ,

145 3683 232 3726 tamen
243 3672 397 3725 auctoritate
408 3689 497 3725 eorum
513 3673 583 3725 laedi
593 3688 664 3724 reum
676 3688 730 3722 non
741 3680 886 3739 pateretur,
903 3681 1051 3753 quantaque
1066 3673 1227 3726 moderatione
1305 3699 1306 3704 =

145 3759 200 3794 rem
221 3750 275 3794 tam
296 3738 429 3812 difficilem
449 3741 509 3794 alir's
529 3740 690 3806 tractaverit,
712 3740 785 3792 lectio
807 3740 865 3809 ipsa
881 3741 1032 3794 declarabit.
1068 3740 1225 3797 manarun-

145 3819 231 3864 autem
241 3809 336 3877 babuit,
349 3811 426 3880 quod,
438 3809 503 3862 sicta
515 3808 634 3877 dicimus,
649 3808 793 3876 Cornelias,
806 3817 910 3876 praeter
922 3809 1070 3861 destrictum
1080 3807 1225 3876 propositum
1305 3859 1306 3874 ἶ

146 3880 270 3932 aduersus
284 3879 434 3947 principum
445 3879 612 3945 voluntatem,
624 3885 710 3929 cetera
721 3879 773 3929 uita
784 3876 848 3928 nait
859 3875 966 3943 fecerat,
979 3877 1048 3946 quod
1059 3893 1147 3944 mapuo
1158 3891 1224 3944 opere
1305 3877 1306 3928 l

145 3947 351 4014 improbaretur,·
368 3954 506 4014 praeterea
526 3946 595 4015 quod
609 3953 633 3997 et
648 3945 703 4013 ipse
721 3944 859 4010 Globulus,
876 3945 922 4040 pai
940 3945 1129 4010 intercesserat,
1145 3945 1222 3996 adera

146 4015 277 4083 Cornelio,
294 4017 349 4083 'set
360 4016 430 4085 quod
444 4015 527 4084 ipsum
538 4030 640 4084 quoque
651 4013 769 4080 dicimus,
785 4014 855 4082 quod
871 4013 1007 4066 tornetas
1017 4012 1134 4082 Pompeii
1142 4011 1227 4080 Macci
