2674 4558
138 251 181 331 to
479 257 518 312 M.
537 255 672 327 runnu
691 253 890 338 orennoms

202 385 234 451 ὅ.
256 407 329 446 nuno
344 386 551 462 neglegentiam
566 401 656 439 meam
672 400 821 456 cognosce:
844 384 892 438 ‘de
908 383 1010 456 gloria’
1030 384 1133 441 librum
1149 386 1186 439 ad
1207 391 1238 442 te

138 469 214 538 misi3
231 473 261 522 at
276 467 306 521 in
322 483 355 522 eo
371 464 541 537 prooemium
552 461 583 516 id
598 467 648 530 est,
662 462 735 532 quod
751 461 781 515 in
791 461 959 516 Academico
974 460 1065 516 tertio.
1100 461 1131 516 id
1143 464 1239 518 evenit

138 538 175 593 ob
191 553 259 592 eam*
269 552 340 606 rem,
362 533 437 605 quod
456 531 549 590 habeo
562 531 690 585 volumen
705 531 919 600 prooemiorum:
938 545 971 582 ex
984 545 1017 583 eo
1034 530 1138 600 eligere
1151 532 1237 602 soleo,

139 623 202 660 cum
213 605 327 675 aliquod
339 605 500 676 σύγγραμμα
511 599 631 667 institrd3
646 599 742 668 itaque
757 598 814 652 iam
829 599 859 652 in
871 597 1039 667 Tusculano,
1052 599 1100 666 qui
1112 616 1167 654 non
1177 617 1237 656 me-

138 673 279 728 minissem
290 689 335 727 mc
346 672 463 727 abusum
473 669 527 722 isto
539 668 686 738 prooemio,
697 667 802 721 conieci
812 667 843 720 id
854 667 883 720 in
895 681 958 720 eum
969 667 1078 735 librum,
1088 683 1171 736 quem
1182 669 1238 724 tibi

138 742 210 796 misi.
235 758 297 795 oum
309 745 402 795 autem
412 739 442 792 in
452 737 517 792 navi
527 737 650 808 legerem
661 735 852 803 Academicos,
866 734 986 805 adgnovi
998 741 1118 790 erratum
1129 753 1238 808 meum,

138 809 234 881 itaque
246 809 340 864 statim
351 824 451 863 norum
462 805 633 888 prooemium
644 803 755 859 exaravi
766 809 795 858 et
806 803 859 858 tibi
870 803 945 856 misi:
958 807 989 856 tu
1000 803 1070 858 illud
1082 804 1237 877 desecabis,

138 878 192 932 hoo
204 876 400 950 adglutinabis.
437 872 503 929 Orc.
516 874 553 928 ad
564 872 623 927 Att.
636 873 716 942 XVI,
728 873 754 942 6,
766 873 791 927 4.

204 967 235 1032 6.
255 978 378 1028 nostrum
390 989 459 1043 opus
469 971 522 1027 tibi
533 969 646 1042 probari
656 971 751 1040 lactor,
762 984 860 1039 exque
871 966 944 1034 ἄνθη
955 967 1017 1038 ipsa
1028 968 1153 1039 posuisti,
1163 985 1238 1039 quae

139 1051 208 1105 mihi
219 1050 376 1105 florentiore
393 1055 457 1103 sunt
471 1048 531 1102 visa
546 1053 593 1102 tuo
605 1047 721 1116 iudici03
743 1047 850 1100 carulas
867 1046 940 1100 enim
955 1049 1017 1099 tuas
1029 1045 1157 1100 miniates
1172 1046 1238 1102 illas

141 1118 361 1174 extimescebam.
397 1116 463 1172 Cio.
478 1118 514 1171 ad
526 1117 584 1170 Att.
597 1115 677 1186 XVI,
690 1117 734 1184 11,
747 1116 770 1169 1.

206 1207 235 1270 7.
258 1215 377 1281 quantas
389 1211 493 1266 habeat
504 1209 678 1265 definitiones
691 1215 719 1264 st
731 1206 946 1280 significationes
958 1207 1060 1278 gloria,
1077 1213 1106 1262 ct
1117 1208 1238 1279 philoso-

140 1291 258 1363 phorum
268 1287 483 1350 innumerabiles
495 1286 572 1356 libri,
585 1290 614 1340 et
627 1283 766 1340 Ciceronis
780 1285 834 1338 duo
845 1285 983 1340 volumina
1013 1298 1086 1354 quac
1100 1285 1135 1339 de
1147 1285 1239 1357 gloria

142 1358 260 1429 scripsit,
273 1355 376 1412 indicio
388 1361 459 1410 sunt.
495 1355 720 1426 Hieronymus
733 1356 876 1407 comment.
890 1353 926 1406 ad
939 1323 1031 1406 Galat
1045 1353 1125 1421 VIII,
1137 1353 1163 1408 6.

591 1535 632 1574 Ex
653 1531 743 1574 LIBRO
765 1532 786 1572 1.

207 1617 237 1682 8.
260 1621 425 1692 oppidorum
445 1618 579 1690 originem
598 1617 702 1688 optime
722 1616 809 1672 refert
830 1614 926 1672 Cicero
948 1617 1020 1672 libro
1036 1617 1059 1671 I.
1084 1618 1119 1672 de
1139 1617 1239 1690 gloria,

143 1713 260 1768 eamque
281 1696 496 1778 appellatipnem
515 1695 694 1776 usurpatione
715 1694 885 1776 appellatam
906 1711 967 1749 esso
988 1694 1139 1764 existimat,
1163 1697 1239 1766 quod

141 1766 342 1890 ppsrpddapppplt,
356 1765 665 1833 adiciens,ut1m1tctur
675 1767 795 1832 meptras
808 1761 969 1840 stercorum.
1005 1762 1126 1818 Festus
1137 1781 1164 1835 p.
1177 1765 1239 1835 202,

586 1977 738 2019 nxnmeo
760 1977 793 2017 11.
882 1955 883 1958 ’

144 2087 147 2091 ·
207 2059 237 2124 9.
259 2063 290 2117 in
300 2062 370 2117 libro
382 2059 421 2114 M.
434 2059 535 2131 Tullii,
553 2060 602 2130 qui
615 2065 657 2115 est
672 2061 808 2117 secundus
821 2063 857 2116 de
869 2061 970 2132 gloria,
986 2061 1148 2116 manifestus
1165 2080 1242 2120 error

143 2147 256 2198 estnon
272 2155 390 2210 magnae
406 2137 460 2208 rei,
481 2152 566 2207 quem
581 2155 700 2194 errorem
717 2155 777 2194 esse
788 2139 876 2210 possit
892 2155 1056 2210 cognoscere
1068 2156 1123 2194 non
1139 2140 1241 2210 aliquis

143 2209 311 2265 eruditorum
333 2206 383 2262 sed
414 2223 443 2259 ur
454 2210 562 2260 tantum
572 2207 675 2278 legerit
685 2207 799 2278 Ὁμήρου
813 2209 845 2262 τὸ
857 2209 1017 2277 attia-91).
1036 2223 1121 2276 quam
1132 2209 1168 2264 ob
1179 2227 1240 2266 rem

142 2295 197 2358 nop
216 2247 320 2332 tamid
365 2274 371 2288 '
388 2221 516 2343 cibamur,
537 2291 643 2330 errasse
659 2276 690 2330 in
706 2292 740 2331 ea
755 2292 786 2331 rc
801 2275 840 2330 M.
853 2275 989 2357 Tullium,
1007 2291 1090 2368 guam
1107 2293 1161 2358 nop
1178 2294 1240 2334 esse

143 2346 364 2402 ammadversum
374 2343 427 2399 hoc
438 2348 536 2414 postea
545 2349 751 2415 correctamque
762 2344 808 2399 rel
819 2346 855 2399 ab
867 2361 928 2416 ipso
940 2346 985 2398 rel
994 2362 1012 2398 a
1021 2345 1127 2415 lirone,
1140 2346 1240 2401 liberto

144 2424 212 2479 eius.
238 2421 280 2476 ita
292 2421 367 2478 enim
379 2420 511 2492 scriptum
522 2421 552 2475 in
564 2438 597 2476 eo
609 2420 680 2476 libro
692 2427 746 2476 est:
765 2415 851 2502 apud
864 2416 1002 2481 eundem
1016 2422 1143 2501 poetam
1153 2417 1241 2482 Aiax

144 2525 218 2568 cum
235 2503 377 2566 Hectore
396 2501 604 2587 congrediens
623 2501 829 2588 depugnandi
848 2523 945 2566 eausa
963 2503 1030 2586 agit
1051 2513 1087 2566 ut
1105 2503 1240 2588 sepelia-

143 2603 205 2667 tur,
223 2589 251 2653 si
268 2588 309 2651 sit
325 2586 407 2651 forte
420 2586 534 2664 victus,
553 2587 756 2672 declaratque
774 2610 808 2652 se
822 2587 903 2652 velle
916 2597 953 2650 ut
967 2609 1060 2650 suum
1079 2588 1239 2654 tumulum

144 2673 251 2738 multis
269 2673 364 2736 etiam
382 2682 453 2756 post
472 2674 607 2737 saeculis
625 2683 863 2758 praetereuntes
881 2671 927 2735 sic
944 2671 1129 2754 loquantur:

252 2775 303 2840 hic
321 2775 399 2838 situs
417 2785 465 2838 est
482 2776 565 2838 vitae
583 2776 788 2860 iampridem
806 2773 926 2838 lumina
943 2773 1099 2854 linquens,

250 2854 306 2940 qui
324 2857 485 2940 quondam
503 2859 663 2923 Hectoreo
682 2881 850 2944 percussus
869 2858 1006 2922 concidit
1029 2880 1114 2923 ense.

250 2942 370 3006 fabitur
387 2942 467 3005 haec
485 2943 609 3024 aliquis,
628 2967 700 3010 mea
717 2965 843 3026 semper
859 2942 962 3028 gloria
978 2943 1074 3008 vivet.

142 3043 224 3100 huius
240 3047 332 3096 autem
348 3041 502 3095 sententiae
513 3057 620 3110 versus,
637 3057 706 3110 quos
718 3039 814 3096 Cicero
825 3041 856 3096 in
870 3042 995 3114 linguam
1006 3042 1136 3100 Latinam
1146 3047 1239 3118 vertit,

143 3129 198 3167 non
203 3111 275 3164 Aiax
287 3109 365 3180 apud.
371 3109 522 3162 Homerum
534 3107 603 3162 dicit
613 3125 703 3180 neque
710 3109 783 3163 Aiax
794 3109 854 3183 agit
865 3115 897 3165 ut
908 3112 1067 3183 sepeliatur,
1079 3114 1240 3171 scdHector

39 3245 40 3248 Ἴ
144 3181 213 3235 dicit
224 3184 253 3234 et
263 3177 369 3232 Hector
381 3178 416 3231 de
432 3177 573 3248 sepultura
589 3178 648 3258 agit
663 3177 740 3248 prius
756 3193 841 3246 quam
852 3179 923 3234 sciat
953 3196 989 3234 an
1000 3181 1074 3235 Aiax
1085 3199 1179 3238 secum
1191 3187 1238 3240 de·

143 3246 287 3319 pugnandi
299 3263 383 3317 causa
395 3261 589 3315 congressurus
601 3249 645 3298 sit.
682 3243 817 3302 Gellius
829 3245 864 3304 N.
876 3247 912 3302 A.
925 3220 990 3318 XV,
1003 3249 1028 3303 6.

210 3334 260 3398 10.
283 3339 419 3394 incolume
436 3336 533 3410 Cicero
553 3339 589 3394 de
609 3339 751 3411 gloriaII:
783 3358 848 3420 quo
876 3349 980 3404 stante
1006 3349 1039 3403 et
1068 3338 1236 3406 incolume.

144 3414 318 3470 Charisius
329 3433 357 3485 p.
371 3415 428 3482 133,
442 3415 458 3468 9
471 3415 514 3469 ed.
527 3415 602 3471 Keil.
903 3453 905 3456 .

209 3503 259 3566 11.
282 3507 379 3561 sibilus
395 3507 451 3562 dici
467 3514 588 3580 oportet,
604 3514 636 3564 ut
647 3507 744 3566 Cicero
756 3512 791 3567 de
804 3513 893 3585 gloria
904 3513 946 3568 II:
969 3509 1003 3573 in
1020 3507 1239 3576 Tusculanum

142 3588 221 3652 mihi
238 3587 466 3651 nuntiabantur
483 3588 663 3674 gladiatorii
681 3590 775 3655 sibili.
809 3598 901 3654 Idem
912 3617 940 3671 p.
954 3599 997 3670 81,
1010 3600 1051 3654 13.
1065 3601 1102 3655 K.

209 3691 260 3754 12.
284 3697 501 3752 ‘torvaleaena'
522 3699 575 3754 hoc
583 3715 684 3755 nomen
693 3701 761 3755 licet
769 3706 876 3756 veteres
885 3701 1016 3758 Latinum
1025 3708 1136 3775 negent,
1147 3709 1240 3759 aucto·

142 3774 225 3828 ritate
236 3779 330 3830 tamur
340 3774 429 3843 valet,
441 3775 573 3830 dicebant
584 3775 658 3830 enim
669 3777 776 3834 leonem
785 3779 937 3834 masculum
947 3784 975 3834 et
984 3778 1125 3836 feminam.
1144 3778 1241 3835 Cicero

144 3849 513 3921 deglorialib.11.sicait:
531 3857 711 3914 statuerunt
728 3872 854 3915 aeream
872 3851 1027 3916 leaenam.
1061 3855 1241 3928 Philargy·
1334 3849 1335 3860 ’

143 3927 212 4048 lbits
224 3925 424 4065 {silvVIi'rglepl
437 3928 512 4028 2,ti3.
523 3929 559 3984 ef.
572 3929 661 3985 Varro
674 3931 708 3986 de
721 3931 754 3986 L.
766 3931 800 3988 L.
814 3933 907 4004 pose.
915 3931 1096 4006 edSpengel.
1110 3933 1241 3987 Lactant.

246 4080 350 4117 aereum
361 4067 479 4120 leaenam
494 4064 630 4138 Spengel:
640 4067 732 4139 plorio'
741 4071 832 4128 leaena
844 4067 916 4124 libri.
950 4149 953 4152 Ι
