2674 4558
256 801 303 866 A.
346 800 643 869 FRAGMENTA
670 801 960 870 ORATIONUM

203 919 421 989 MAGNAM
446 921 644 988 PARTEM
670 921 1013 990 SUPERSTITUM.

292 1241 316 1296 I.
353 1242 563 1300 ORATIONIS
580 1243 657 1298 PRO
676 1243 710 1310 Q.
730 1241 925 1310 QUINOTIO.

116 1351 280 1422 Ulpianus
292 1353 312 1406 1.
326 1354 359 1408 59
371 1355 409 1409 ad
419 1354 524 1410 Edicta
540 1348 666 1416 latitare
685 1359 733 1416 est
744 1371 808 1424 11011,
820 1359 852 1408 ui
865 1351 961 1410 Cicero
973 1354 1080 1425 definit,
1092 1360 1159 1415 tur·

73 1432 113 1515 pis
128 1432 297 1498 occultatio
318 1433 377 1498 sui.
579 1437 582 1443 ’

332 1599 370 1655 II.
406 1599 615 1659 ORATIONIS
632 1600 709 1657 PRO
728 1601 883 1659 TULLIO.

112 1701 139 1756 in
148 1702 265 1759 obscuro
282 1720 387 1776 genero
404 1703 472 1775 quid
488 1704 581 1760 facero
594 1704 698 1760 debes?
713 1709 745 1758 ut
756 1704 875 1760 docilem
890 1703 977 1760 facias
994 1704 1158 1774 auditorem,

72 1778 135 1847 quod
153 1777 222 1834 fecit
243 1781 277 1835 in
293 1780 438 1836 Tulliana:
462 1777 502 1840 de
523 1776 585 1841 hac
601 1798 651 1854 re,
665 1781 764 1852 inquit,
781 1775 972 1840 iudicabitis.
1015 1779 1159 1835 Grillius

70 1853 235 1994 pffidprpd.
258 1855 354 1912 Halm.
383 1857 504 1928 (videtur
525 1859 716 1931 παραφράζειν
738 1856 786 1914 Gr.
810 1875 881 1930 quae
903 1859 935 1914 in
954 1875 993 1913 or.
1019 1857 1035 1928 fi
1056 1858 1090 1912 23
1110 1856 1157 1912 fin.

286 2079 339 2134 ΠΙ.
376 2078 585 2137 ORATIONIS
601 2079 678 2137 PRO
697 2080 735 2136 M.
754 2079 933 2138 FONTEIO.

113 2177 264 2252 fragmenta
276 2197 366 2252 nuper
378 2183 455 2238 edita
465 2183 496 2237 in
507 2183 616 2238 libello:
633 2183 729 2240 Uebcr
742 2183 804 2240 cino
816 2182 1001 2240 Handschrift
1012 2183 1062 2238 des
1073 2181 1156 2238 Nico·

72 2244 121 2299 laus
137 2264 189 2302 von
206 2247 281 2304 (lues
301 2251 384 2306 nebat
404 2251 616 2323 ungedrucktcn
632 2251 821 2325 Ragmentcn
838 2251 1045 2308 Ciceronischer
1060 2251 1159 2306 Rcdcn

72 2315 221 2389 tonloseph
232 2318 329 2374 Klein.
356 2319 462 2390 Berlin,
474 2319 710 2376 Weidmaunsche
721 2321 956 2393 Buchhandlung.
982 2321 1102 2390 1866,p.
1115 2320 1158 2374 ct.

126 2423 152 2485 1.
173 2423 254 2488 illud
272 2446 349 2490 vero
367 2425 528 2508 quidest?
546 2447 643 2509 quam
660 2426 759 2491 habet
775 2426 810 2490 in
827 2449 862 2491 se
879 2425 1044 2500 rationem,
1062 2445 1160 2506 quam

73 2510 332 2587 consuetudinem,
343 2531 441 2593 quam
450 2511 687 2576 similitudinem
697 2510 859 2576 veritatis?
877 2509 964 2592 quod
972 2508 1063 2584 ratio,
1072 2509 1160 2590 quod

73 2595 270 2673 consuetudo,
290 2596 378 2678 quod
394 2595 441 2661 rei
457 2607 572 2661 natura
589 2595 726 2680 respuit,
743 2595 778 2658 id
796 2594 1032 2659 credendumne
1050 2592 1117 2656 est?

125 2677 152 2741 2.
173 2681 334 2764 numquid
364 2681 514 2765 cuiquam
540 2680 740 2764 iniquissimo
769 2679 973 2768 disceptatori
999 2679 1079 2744 haec
1105 2700 1159 2742 su·

72 2760 153 2842 spitio
169 2765 380 2850 relinquenda
397 2767 466 2831 est?

126 2847 154 2911 3.
175 2852 254 2934 quid
277 2862 382 2936 potest
409 2851 606 2917 auctoritatis
632 2850 750 2918 habere
773 2851 862 2918 testis
888 2851 921 2914 in
944 2850 1077 2917 dicendo
1100 2870 1158 2915 suo

72 2931 239 3002 testimonio
257 2937 340 3001 falsa
357 2937 441 3002 veris
458 2937 615 3002 miscens?

72 3099 91 3161 b
120 3018 155 3118 'd
180 3021 242 3088 hoc
264 3022 339 3108 ipso
362 3035 551 3109 argumento
578 3034 684 3088 cetera
710 3021 892 3088 testimonia
913 3020 1082 3107 repudiare
1104 3021 1159 3086 de·

93 3113 153 3168 ctis.
633 3141 640 3148 ·

128 3188 156 3253 5.
176 3192 301 3258 latebra
318 3193 486 3259 mendacii.

130 3273 157 3338 6.
179 3274 240 3342 On.
260 3277 434 3364 Pompeius
458 3278 574 3344 eximia
591 3277 708 3343 virtute
726 3287 758 3343 et
780 3275 931 3342 felicitate
949 3275 984 3341 in
1001 3275 1160 3362 Hispania

76 3352 181 3424 bellum
197 3363 308 3448 gessit.

131 3441 158 3509 7.
179 3447 338 3512 industua
355 3460 388 3514 et
405 3449 520 3513 studio·

131 3528 158 3593 8.
180 3530 241 3598 Cn.
264 3533 400 3618 Pompei
423 3534 539 3598 summi
559 3533 759 3620 imperatoris
782 3543 814 3597 et
835 3530 1000 3598 fortissimi
1022 3532 1083 3599 viri
1104 3554 1162 3622 ge·

76 3621 149 3679 stum
166 3629 213 3683 est
231 3619 390 3683 subsidiis.

131 3700 159 3766 9.
180 3703 258 3788 quid
273 3705 437 3791 pugnant?
464 3704 542 3788 quid
560 3705 705 3770 struunt?
724 3702 803 3788 quid
819 3703 984 3770 nituntur?

93 3953 99 3966 ι
133 3871 180 3938 10.
206 3875 458 3942 versutissimum
488 3875 650 3943 hominem
678 3886 711 3944 ct
736 3875 771 3942 in
798 3873 939 3940 fallendo
967 3871 1162 3940 exercitatis·

80 3974 191 4023 smum.

123 4043 182 4188 ded·
204 4046 281 4130 quid
298 4058 346 4114 est
363 4047 397 4114 in
414 4048 594 4116 testimonio
612 4059 717 4116 vestro
734 4056 862 4134 praeter
876 4044 1052 4192 lilbidincm,
1070 4066 1164 4130 prae-

141 4146 145 4156 '
174 4147 264 4191 miscel.
275 4148 311 4191 XI.
