2674 4558
531 263 781 321 FRAGMENTA.
1164 253 1209 318 53

95 385 232 441 tientibns
248 384 429 438 intervenire.
454 413 485 424 ··
508 388 645 454 postremo
661 383 704 438 his
720 384 803 440 rebus
820 385 944 440 omnibus
962 385 1116 440 constitutis
1137 386 1205 440 nihil

96 457 169 508 hanc
181 453 306 507 arbitror
315 451 537 506 distributionem
546 452 726 522 profuturam,
735 453 797 522 nisi,
807 460 839 506 ut
849 453 906 506 iam
915 453 979 522 dixi,
989 455 1085 508 vilicus
1096 455 1207 524 saepius

98 529 126 576 et
136 521 295 591 aliquando
306 525 402 574 tamen
414 519 538 573 dominus
550 525 599 574 aut
609 525 735 575 matrona
747 521 960 576 consideraverit
971 521 1206 578 animadverterit

99 588 385 713 111111111ἶῖ
394 587 752 710 illiteratis
767 589 1207 727 telthtttt‘lutltt:

99 743 155 781 non
168 725 239 778 satis
250 675 353 778 visuri)
359 728 401 778 est
411 724 498 778 bonas
515 724 540 778 le
562 740 592 778 es
607 695 644 804 lia
665 740 724 794 ere,
740 675 794 778 uisi
807 726 933 780 custodes
947 676 1206 797 earumpdiligentis-

101 795 187 874 simos
198 793 277 848 cives
290 797 430 872 creassent
451 808 519 862 quos
558 808 634 846 raeci
646 793 838 876 νομοφύλακας
850 794 1000 875 appellant.
1027 793 1135 875 ¹horum
1147 799 1208 875 erat

103 861 231 917 officium
244 877 300 929 eos,
313 877 362 930 qm
373 833 483 940 legibus
494 866 636 930 parerent,
652 860 781 916 laudibus
813 877 923 932 resequr
934 879 986 916 nec
997 878 1087 916 minus
1098 863 1206 916 honon-

102 932 167 1000 bus,
180 947 229 986 eos
241 933 345 998 autem,
363 944 411 997 qm
422 944 477 982 non
487 934 769 1000 parerent,poenam
798 935 866 984 tare.
903 928 1167 1001 ColumellaXII,
1181 932 1206 1000 1,

104 1000 129 1053 3.
142 1029 180 1038 —
189 997 260 1067 XII,
274 999 299 1066 3,
312 999 354 1050 11.
366 996 523 1067 Xenophon
535 995 636 1051 Oecon.
650 1014 673 1051 c.
687 998 711 1066 7,
724 998 766 1052 36.
779 1027 813 1037 -
825 1015 848 1052 c.
862 999 904 1067 10,
916 999 958 1054 10.

212 1081 394 1137 Columellam
409 1099 465 1136 non
480 1082 571 1152 ipsum
586 1081 799 1152 Xenophontem
831 1083 880 1136 sed
897 1081 1057 1138 Ciceronem
1071 1084 1206 1153 interpre-

247 1156 305 1204 tem
317 1154 441 1203 secutum
450 1166 510 1204 esse
519 1150 568 1219 ita,
578 1155 608 1204 ut
618 1151 722 1220 passim
734 1156 763 1206 et
772 1123 895 1205 ordinem
903 1153 1100 1206 sententIarum
1108 1153 1205 1205 immu-

246 1223 320 1272 taret
332 1224 360 1272 et
372 1217 508 1272 Tullianis
520 1219 611 1272 verbis
624 1235 674 1272 sua
686 1219 873 1288 substitueret,
887 1225 1098 1273 consentaneum
1112 1226 1161 1274 est.

174 1325 204 1389 7,
228 1345 296 1384 sane
308 1329 452 1386 sciendum
459 1329 673 1400 Xenophontem
684 1330 827 1401 scripsisse
839 1347 924 1384 unum
935 1330 1034 1384 librum
1045 1331 1205 1386 Oeconomi-

106 1405 281 1476 cum,·cuius
295 1423 361 1477 pars
377 1405 474 1458 ultima
489 1407 688 1478 agriculturam
700 1408 835 1475 continet,
853 1407 888 1461 de
904 1422 960 1476 qua
971 1411 1051 1478 parte
1067 1408 1154 1460 multa
1170 1409 1206 1460 sd

105 1481 215 1556 [suum]
228 1475 282 1528 hoc
290 1491 367 1555 ‘opus
379 1474 513 1554 Virgilius
521 1476 677 1556 transtulit,
694 1475 766 1529 sicut
778 1475 862 1556 etiam
874 1475 908 1529 de
916 1473 1066 1556 ‘Georgicis
1078 1475 1205 1555 Alagonia

104 1543 185 1624 “³¹²
198 1541 1206 1667 cffipqffigthpqqqappppapaqqaoppffi

104 1629 290 1802 diaprafflqelpt
300 1651 508 1802 matgrfanrilias
520 1680 594 1804 {opi
606 1629 703 1803 alippa
716 1631 861 1802 sdcpnppi,
874 1697 957 1752 quem
969 1628 1127 1734 ailinodum
1139 1679 1206 1735 foris

104 1765 172 1820 pac
200 1765 219 1801 a
280 1763 318 1800 as.
380 1763 522 1810 ervruse
580 1765 631 1820 ng.
675 1765 786 1820 eorg.,
835 1788 840 1801 .

173 1836 203 1900 8.
227 1841 258 1894 in
275 1841 456 1896 Oeconomico
472 1841 678 1913 Xenophontis,
700 1859 782 1912 quem
797 1840 835 1896 M.
854 1840 950 1896 Cicero
966 1841 1068 1896 Latino
1089 1842 1206 1896 sermoni

103 1919 236 1987 tradidit,
253 1917 295 1970 vir
312 1918 440 1988 egregius
455 1919 503 1972 illc
519 1918 713 1974 Ischomachus
724 1918 917 1987 Atheniensis,
933 1926 1046 1990 rogatus
1063 1935 1081 1971 a
1093 1917 1205 1972 Socrate

103 1986 274 2056 utrumne,si
284 2001 329 2039 res
340 1985 484 2040 familiaris
493 1987 684 2056 desiderasset,
690 1985 806 2042 mercari
817 1987 929 2041 vilicum
942 1991 1083 2056 tamquam
1095 1985 1206 2039 fabrum

105 2081 140 2117 an
151 2063 215 2133 ipse
227 2061 370 2117 inedtuere
383 2063 561 2133 consueverit,
576 2079 640 2142 ego
651 2081 726 2122 vero
735 2063 825 2133 inquit
838 2059 906 2142 ipse
922 2057 1069 2132 institu03
1088 2057 1206 2120 etenim

105 2143 162 2226 qui
179 2163 233 2206 me
251 2139 383 2206 absente
400 2143 434 2206 in
451 2164 559 2206 meum
577 2142 682 2207 locum
698 2143 901 2207 substituitur
915 2154 945 2206 et
960 2143 1096 2206 vicarius
1114 2164 1205 2206 meae

105 2227 292 2312 diligentiae
309 2227 459 2304 succedit,
478 2229 505 2291 is
523 2249 572 2303 ea,-
590 2250 672 2312 quae
691 2251 762 2314 ego,
784 2229 863 2293 scire
883 2227 986 2292 debet.
1018 2225 1206 2288 Columella

104 2311 159 2380 XI,
172 2314 196 2380 l,
209 2310 234 2364 b.
247 2309 376 2380 Xenoph.
390 2309 491 2364 Oecon.
505 2311 547 2380 12,
560 2310 577 2364 3
589 2327 629 2380 sq.

211 2413 247 2448 aa
259 2396 315 2464 ipse
325 2393 475 2448 Patricius:
489 2413 524 2448 aa
537 2413 554 2448 α
566 2413 593 2449 sc
603 2395 677 2450 libri.

171 2500 203 2564 9.
227 2498 380 2563 somniet
398 2499 462 2563 vini
485 2499 525 2563 sit
544 2499 848 2573 abstinentissimus,
872 2518 954 2578 quae
979 2504 1114 2576 utraque
1133 2505 1207 2557 suut

1 2643 2 2648 ,
106 2585 326 2652 inimicissima
349 2585 546 2670 diligentiae:
569 2607 645 2649 nam
669 2595 700 2649 et
723 2583 848 2648 ebrioso
871 2603 948 2645 cura
970 2579 1066 2643 officii
1088 2577 1207 2664 pariter

107 2694 183 2737 cum
195 2670 349 2736 memoria
362 2669 558 2736 subtrahitur
572 2680 605 2744 et
619 2667 867 2734 somniculosum
881 2665 1018 2751 plurima
1031 2663 1205 2748 effugiunt3

1 2757 2 2760 ’
108 2757 187 2841 quid
205 2757 291 2820 enim
312 2756 412 2840 possit
434 2766 490 2819 aut
511 2755 580 2840 ipse
603 2776 698 2838 agere
717 2764 772 2816 aut
794 2752 944 2836 cuiquam
966 2750 1125 2814 dormiens
1146 2749 1206 2813 im-

94 2842 242 2929 perare?
260 2852 329 2906 tum
344 2841 439 2906 etiam
457 2841 498 2904 sit
516 2863 535 2905 a
553 2839 695 2906 venereis
710 2838 870 2903 amoribus
885 2857 1025 2912 aversus,
1044 2835 1160 2919 quibus
1178 2833 1206 2898 si

110 2951 144 2993 se
163 2926 331 3003 dediderit,
348 2948 413 2991 non
431 2926 518 2990 aliud
536 2926 707 3008 quicquam
725 2924 824 3009 possit
842 2923 982 3008 cogitare
1001 2943 1098 3004 quam
1116 2919 1205 2993 illud,

110 3013 199 3098 quod
217 3011 334 3097 diligis
352 3035 428 3077 nam
445 3011 529 3075 vitiis
544 3009 712 3076 eiusmodi
729 3009 881 3094 pellectus
896 3007 1020 3070 animus
1036 3027 1095 3068 nec
1114 3026 1206 3088 prae·

111 3098 214 3162 mium
230 3097 400 3162 iucundius
419 3119 516 3182 quam
533 3097 673 3162 fructum
690 3094 829 3159 libidinis
846 3115 906 3158 nec
924 3090 1114 3176 supplicium
1132 3109 1206 3172 gra·

112 3185 182 3248 vius
210 3204 310 3267 quam
334 3182 569 3247 frustrationem
596 3180 777 3266 cupiditatis
804 3178 974 3245 existimat.
1017 3177 1207 3233 Columella

113 3265 166 3336 XI,
177 3267 203 3336 1,
215 3267 250 3320 13
262 3281 303 3335 sq.
315 3265 443 3336 Xenoph.
457 3262 558 3318 Oecon.
572 3265 614 3333 12,
627 3264 737 3317 11-14,

178 3355 231 3420 10.
253 3358 417 3414 interficiet
436 3356 525 3412 occidi
542 3363 569 3412 et
588 3356 749 3411 inanimalia
764 3360 871 3410 veteres
891 3367 972 3424 posse
987 3348 1143 3404 vehementi
1159 3364 1206 3402 au·

113 3446 242 3501 ctoritate
257 3448 415 3516 posuerunt.
452 3441 490 3496 M.
503 3441 612 3496 Tullius
625 3441 821 3497 Oeconomico:
848 3433 935 3498 nullo
961 3431 1057 3495 modo
1083 3429 1207 3494 facilius

113 3526 251 3590 arbitror
273 3545 367 3609 posse
388 3543 493 3604 neque
516 3521 631 3586 herbas
654 3543 795 3585 arescere
814 3528 845 3584 et
866 3517 1000 3582 interfici
1022 3537 1126 3598 neque
1145 3525 1208 3578 ter-

113 3634 182 3676 ram
201 3609 244 3674 ab
262 3609 328 3674 sole
345 3607 506 3693 percoqui.
536 3611 563 3668 N
568 3612 662 3666 onius
673 3630 701 3683 p.
714 3611 765 3665 449
778 3625 819 3679 sq.
831 3607 960 3679 Xenoph.
974 3606 1075 3662 Oecon.
1090 3606 1186 3674 16,14.

181 3711 233 3776 11.
257 3715 425 3770 sementibus
440 3719 565 3784 tempora
580 3713 705 3784 plerique
721 3714 899 3782 praesumunt
911 3713 939 3764 et
954 3709 990 3762 ab
1006 3707 1151 3762 undecimo
1164 3705 1209 3758 die

114 3793 284 3850 autumnalis
300 3791 466 3861 aequinoctii
481 3790 578 3860 fruges
594 3794 688 3844 serunt
702 3789 865 3843 adveniente
882 3785 1005 3841 Coronae
1022 3788 1129 3848 eretur,
1146 3797 1208 3834 con-

114 3863 201 3917 tinuis
214 3862 313 3916 diebus
329 3865 404 3913 certo
416 3876 470 3940 pro
491 3858 646 3912 eimbrium
676 3857 803 3923 remisso,
819 3854 983 3926 Xenophon,
990 3869 1050 3933 ‘non
1062 3854 1210 3916 antequam

116 3932 185 3986 deus
201 3931 311 4001 signum
328 3928 444 3982 dedant.
470 3877 532 3980 iroc
543 3924 640 3980 Cicero
683 3925 818 3980 ovembris
834 3924 922 3977 imbre
938 3920 1000 3974 lien
1015 3921 1211 3985 mterpretetus

117 4006 167 4068 est,
181 4016 245 4052 cum
256 3998 293 4050 sit
303 4013 369 4050 vera
383 3996 453 4048 ratio
464 4011 519 4048 nou
535 3993 610 4115 prius
623 3994 731 4048 serendi
744 4009 826 4063 quam
841 3991 909 4044 folia
921 3986 1061 4057 coeperint
1073 3981 1209 4038 decidere.

116 4067 251 4122 Plinius
263 4065 298 4120 N.
311 4064 348 4118 Ii.
360 4063 469 4133 XVIII,
482 4065 525 4132 60,
537 4068 544 4089 ‘
554 4062 596 4116 24.
608 4061 737 4132 Xenoph.
751 4062 853 4116 Oecon.
866 4059 908 4126 17,
921 4057 945 4108 2.
