<?xml version="1.0" encoding="UTF-8"?>
<!DOCTYPE html PUBLIC "-//W3C//DTD XHTML 1.0 Transitional//EN"
    "http://www.w3.org/TR/xhtml1/DTD/xhtml1-transitional.dtd">
<html xmlns="http://www.w3.org/1999/xhtml" xml:lang="en" lang="en">
 <head>
  <title>
</title>
<meta http-equiv="Content-Type" content="text/html;charset=utf-8" />
  <meta name='ocr-system' content='tesseract 3.04.00' />
  <meta name='ocr-capabilities' content='ocr_page ocr_carea ocr_par ocr_line ocrx_word'/>
</head>
<body>
  <div class='ocr_page' id='page_1' title='image "./mtulliiciceroni95cicegoog/mtulliiciceroni95cicegoog_0149.png"; bbox 0 0 2714 4554; ppageno 0'>
   <div class='ocr_carea' id='block_1_1' title="bbox 511 261 790 320">
    <p class='ocr_par' dir='ltr' id='par_1_1' title="bbox 511 261 790 320">
     <span class='ocr_line' id='line_1_1' title="bbox 511 261 790 320; baseline 0.025 -10"><span class='ocrx_word' id='word_1_1' title='bbox 511 299 512 310; x_wconf 68' lang='grc'>,</span> <span class='ocrx_word' id='word_1_2' title='bbox 539 261 790 320; x_wconf 81' lang='lat' dir='ltr'><strong>FRAGMENTA.</strong></span> 
     </span>
    </p>
   </div>
   <div class='ocr_carea' id='block_1_2' title="bbox 26 384 1040 2181">
    <p class='ocr_par' dir='ltr' id='par_1_2' title="bbox 118 384 980 897">
     <span class='ocr_line' id='line_1_2' title="bbox 121 384 939 470; baseline 0.005 -22"><span class='ocrx_word' id='word_1_3' title='bbox 121 385 272 450; x_wconf 72' lang='lat' dir='ltr'>terribiles</span> <span class='ocrx_word' id='word_1_4' title='bbox 291 384 414 450; x_wconf 88' lang='lat' dir='ltr'>formae</span> <span class='ocrx_word' id='word_1_5' title='bbox 433 385 551 450; x_wconf 89' lang='lat' dir='ltr'>bellurn</span> <span class='ocrx_word' id='word_1_6' title='bbox 569 396 739 470; x_wconf 89' lang='lat' dir='ltr'>motusque</span> <span class='ocrx_word' id='word_1_7' title='bbox 756 387 939 464; x_wconf 89' lang='lat' dir='ltr'>monebant,</span> 
     </span>
     <span class='ocr_line' id='line_1_3' title="bbox 121 471 844 557; baseline 0.006 -23"><span class='ocrx_word' id='word_1_8' title='bbox 121 473 281 554; x_wconf 89' lang='lat' dir='ltr'>multaque</span> <span class='ocrx_word' id='word_1_9' title='bbox 299 494 357 557; x_wconf 89' lang='lat' dir='ltr'>per</span> <span class='ocrx_word' id='word_1_10' title='bbox 375 481 475 536; x_wconf 87' lang='lat' dir='ltr'>terras</span> <span class='ocrx_word' id='word_1_11' title='bbox 494 481 583 536; x_wconf 88' lang='lat' dir='ltr'>vates</span> <span class='ocrx_word' id='word_1_12' title='bbox 602 473 707 536; x_wconf 87' lang='lat' dir='ltr'>oracla</span> <span class='ocrx_word' id='word_1_13' title='bbox 724 471 844 538; x_wconf 86' lang='lat' dir='ltr'>furenti</span> 
     </span>
     <span class='ocr_line' id='line_1_4' title="bbox 120 555 877 640; baseline 0.004 -20"><span class='ocrx_word' id='word_1_14' title='bbox 120 566 240 640; x_wconf 81' lang='lat' dir='ltr'>pectore</span> <span class='ocrx_word' id='word_1_15' title='bbox 259 556 442 621; x_wconf 86' lang='lat' dir='ltr'>fundebant</span> <span class='ocrx_word' id='word_1_16' title='bbox 458 555 555 620; x_wconf 87' lang='lat' dir='ltr'>tristis</span> <span class='ocrx_word' id='word_1_17' title='bbox 573 557 753 622; x_wconf 82' lang='lat' dir='ltr'>minitantia</span> <span class='ocrx_word' id='word_1_18' title='bbox 770 581 862 624; x_wconf 88' lang='lat' dir='ltr'>casus</span> <span class='ocrx_word' id='word_1_19' title='bbox 868 583 877 634; x_wconf 85' lang='lat'>3</span> 
     </span>
     <span class='ocr_line' id='line_1_5' title="bbox 120 642 951 726; baseline 0.005 -22"><span class='ocrx_word' id='word_1_20' title='bbox 120 652 207 724; x_wconf 88' lang='lat' dir='ltr'>atque</span> <span class='ocrx_word' id='word_1_21' title='bbox 225 664 277 719; x_wconf 89' lang='lat' dir='ltr'>ea,</span> <span class='ocrx_word' id='word_1_22' title='bbox 296 662 380 725; x_wconf 90' lang='lat' dir='ltr'>quae</span> <span class='ocrx_word' id='word_1_23' title='bbox 396 642 490 726; x_wconf 88' lang='lat' dir='ltr'>lapsu</span> <span class='ocrx_word' id='word_1_24' title='bbox 507 643 636 708; x_wconf 87' lang='lat' dir='ltr'>tandem</span> <span class='ocrx_word' id='word_1_25' title='bbox 655 642 797 710; x_wconf 81' lang='lat' dir='ltr'>cecidere</span> <span class='ocrx_word' id='word_1_26' title='bbox 814 655 951 721; x_wconf 88' lang='lat' dir='ltr'>vetusto,</span> 
     </span>
     <span class='ocr_line' id='line_1_6' title="bbox 119 725 980 813; baseline 0.007 -25"><span class='ocrx_word' id='word_1_27' title='bbox 119 725 192 791; x_wconf 86' lang='lat' dir='ltr'>haec</span> <span class='ocrx_word' id='word_1_28' title='bbox 209 727 282 792; x_wconf 89' lang='lat' dir='ltr'>fore</span> <span class='ocrx_word' id='word_1_29' title='bbox 301 727 464 812; x_wconf 88' lang='lat' dir='ltr'>perpetuis</span> <span class='ocrx_word' id='word_1_30' title='bbox 482 727 581 812; x_wconf 89' lang='lat' dir='ltr'>signis</span> <span class='ocrx_word' id='word_1_31' title='bbox 600 728 757 812; x_wconf 88' lang='lat' dir='ltr'>clarisque</span> <span class='ocrx_word' id='word_1_32' title='bbox 774 729 980 813; x_wconf 88' lang='lat' dir='ltr'>frequentans</span> 
     </span>
     <span class='ocr_line' id='line_1_7' title="bbox 118 811 881 897; baseline 0.008 -23"><span class='ocrx_word' id='word_1_33' title='bbox 118 812 179 896; x_wconf 91' lang='lat' dir='ltr'>ipse</span> <span class='ocrx_word' id='word_1_34' title='bbox 197 811 299 877; x_wconf 88' lang='lat' dir='ltr'>deum</span> <span class='ocrx_word' id='word_1_35' title='bbox 317 813 442 897; x_wconf 85' lang='lat' dir='ltr'>genitor</span> <span class='ocrx_word' id='word_1_36' title='bbox 459 813 547 877; x_wconf 88' lang='lat' dir='ltr'>caelo</span> <span class='ocrx_word' id='word_1_37' title='bbox 566 813 720 896; x_wconf 90' lang='lat' dir='ltr'>terrisque</span> <span class='ocrx_word' id='word_1_38' title='bbox 738 815 881 880; x_wconf 80' lang='lat' dir='ltr'>canebat.</span> 
     </span>
    </p>

    <p class='ocr_par' dir='ltr' id='par_1_3' title="bbox 115 897 1040 1412">
     <span class='ocr_line' id='line_1_8' title="bbox 117 897 1040 981; baseline 0.007 -21"><span class='ocrx_word' id='word_1_39' title='bbox 117 919 195 960; x_wconf 88' lang='lat' dir='ltr'>nune</span> <span class='ocrx_word' id='word_1_40' title='bbox 213 920 264 974; x_wconf 88' lang='lat' dir='ltr'>ea,</span> <span class='ocrx_word' id='word_1_41' title='bbox 284 897 450 980; x_wconf 87' lang='lat' dir='ltr'>Torquato</span> <span class='ocrx_word' id='word_1_42' title='bbox 469 919 551 981; x_wconf 89' lang='lat' dir='ltr'>quae</span> <span class='ocrx_word' id='word_1_43' title='bbox 570 901 731 981; x_wconf 87' lang='lat' dir='ltr'>quondam</span> <span class='ocrx_word' id='word_1_44' title='bbox 750 911 781 965; x_wconf 91' lang='lat' dir='ltr'>et</span> <span class='ocrx_word' id='word_1_45' title='bbox 799 901 929 966; x_wconf 89' lang='lat' dir='ltr'>consule</span> <span class='ocrx_word' id='word_1_46' title='bbox 944 899 1040 966; x_wconf 80' lang='lat' dir='ltr'>Cotta</span> 
     </span>
     <span class='ocr_line' id='line_1_9' title="bbox 117 981 915 1072; baseline 0.01 -28"><span class='ocrx_word' id='word_1_47' title='bbox 117 981 235 1066; x_wconf 86' lang='lat' dir='ltr'>Lydius</span> <span class='ocrx_word' id='word_1_48' title='bbox 255 982 404 1048; x_wconf 76' lang='lat' dir='ltr'>ediderat</span> <span class='ocrx_word' id='word_1_49' title='bbox 420 983 606 1068; x_wconf 78' lang='lat' dir='ltr'>Tyrrhenae</span> <span class='ocrx_word' id='word_1_50' title='bbox 624 986 727 1068; x_wconf 87' lang='lat' dir='ltr'>gentis</span> <span class='ocrx_word' id='word_1_51' title='bbox 745 985 915 1072; x_wconf 81' lang='lat' dir='ltr'>haruspex,</span> 
     </span>
     <span class='ocr_line' id='line_1_10' title="bbox 117 1067 933 1153; baseline 0.007 -23"><span class='ocrx_word' id='word_1_52' title='bbox 117 1067 217 1132; x_wconf 90' lang='lat' dir='ltr'>omnia</span> <span class='ocrx_word' id='word_1_53' title='bbox 235 1069 304 1132; x_wconf 84' lang='lat' dir='ltr'>fixa</span> <span class='ocrx_word' id='word_1_54' title='bbox 322 1079 398 1132; x_wconf 86' lang='lat' dir='ltr'>tuus</span> <span class='ocrx_word' id='word_1_55' title='bbox 416 1069 596 1153; x_wconf 84' lang='lat' dir='ltr'>glomerans</span> <span class='ocrx_word' id='word_1_56' title='bbox 615 1070 803 1136; x_wconf 86' lang='lat' dir='ltr'>determinat</span> <span class='ocrx_word' id='word_1_57' title='bbox 821 1095 933 1136; x_wconf 90' lang='lat' dir='ltr'>annus.</span> 
     </span>
     <span class='ocr_line' id='line_1_11' title="bbox 115 1154 912 1242; baseline 0.008 -26"><span class='ocrx_word' id='word_1_58' title='bbox 115 1175 183 1216; x_wconf 87' lang='lat' dir='ltr'>nam</span> <span class='ocrx_word' id='word_1_59' title='bbox 200 1164 297 1238; x_wconf 89' lang='lat' dir='ltr'>pater</span> <span class='ocrx_word' id='word_1_60' title='bbox 315 1154 483 1218; x_wconf 83' lang='lat' dir='ltr'>altitonans</span> <span class='ocrx_word' id='word_1_61' title='bbox 502 1155 640 1220; x_wconf 85' lang='lat' dir='ltr'>stellanti</span> <span class='ocrx_word' id='word_1_62' title='bbox 656 1156 750 1220; x_wconf 87' lang='lat' dir='ltr'>nixus</span> <span class='ocrx_word' id='word_1_63' title='bbox 769 1155 912 1242; x_wconf 89' lang='lat' dir='ltr'>Olympo</span> 
     </span>
     <span class='ocr_line' id='line_1_12' title="bbox 116 1239 935 1328; baseline 0.007 -28"><span class='ocrx_word' id='word_1_64' title='bbox 116 1239 178 1322; x_wconf 90' lang='lat' dir='ltr'>ipse</span> <span class='ocrx_word' id='word_1_65' title='bbox 196 1259 273 1304; x_wconf 92' lang='lat' dir='ltr'>suos</span> <span class='ocrx_word' id='word_1_66' title='bbox 293 1239 456 1321; x_wconf 88' lang='lat' dir='ltr'>quondam</span> <span class='ocrx_word' id='word_1_67' title='bbox 474 1240 613 1305; x_wconf 84' lang='lat' dir='ltr'>tumulos</span> <span class='ocrx_word' id='word_1_68' title='bbox 632 1263 669 1305; x_wconf 87' lang='lat' dir='ltr'>ae</span> <span class='ocrx_word' id='word_1_69' title='bbox 688 1240 806 1326; x_wconf 90' lang='lat' dir='ltr'>templa</span> <span class='ocrx_word' id='word_1_70' title='bbox 822 1242 935 1328; x_wconf 90' lang='lat' dir='ltr'>petivit</span> 
     </span>
     <span class='ocr_line' id='line_1_13' title="bbox 116 1321 741 1412; baseline 0.005 -26"><span class='ocrx_word' id='word_1_71' title='bbox 116 1334 144 1386; x_wconf 91' lang='lat' dir='ltr'>et</span> <span class='ocrx_word' id='word_1_72' title='bbox 161 1321 356 1408; x_wconf 84' lang='lat' dir='ltr'>Capitolinis</span> <span class='ocrx_word' id='word_1_73' title='bbox 374 1323 482 1390; x_wconf 88' lang='lat' dir='ltr'>iniecit</span> <span class='ocrx_word' id='word_1_74' title='bbox 499 1325 628 1390; x_wconf 85' lang='lat' dir='ltr'>sedibus</span> <span class='ocrx_word' id='word_1_75' title='bbox 646 1327 741 1412; x_wconf 88' lang='lat' dir='ltr'>ignis.</span> 
     </span>
    </p>

    <p class='ocr_par' dir='ltr' id='par_1_4' title="bbox 116 1410 952 1585">
     <span class='ocr_line' id='line_1_14' title="bbox 116 1410 952 1496; baseline 0.008 -25"><span class='ocrx_word' id='word_1_76' title='bbox 116 1420 179 1472; x_wconf 89' lang='lat' dir='ltr'>tum</span> <span class='ocrx_word' id='word_1_77' title='bbox 196 1410 323 1494; x_wconf 88' lang='lat' dir='ltr'>speeies</span> <span class='ocrx_word' id='word_1_78' title='bbox 343 1432 382 1474; x_wconf 88' lang='lat' dir='ltr'>ex</span> <span class='ocrx_word' id='word_1_79' title='bbox 401 1432 473 1475; x_wconf 88' lang='lat' dir='ltr'>aere</span> <span class='ocrx_word' id='word_1_80' title='bbox 491 1421 583 1475; x_wconf 90' lang='lat' dir='ltr'>vetus</span> <span class='ocrx_word' id='word_1_81' title='bbox 601 1420 816 1496; x_wconf 87' lang='lat' dir='ltr'>venerataque</span> <span class='ocrx_word' id='word_1_82' title='bbox 834 1412 952 1478; x_wconf 85' lang='lat' dir='ltr'>Nattae</span> 
     </span>
     <span class='ocr_line' id='line_1_15' title="bbox 116 1495 879 1585; baseline 0.007 -28"><span class='ocrx_word' id='word_1_83' title='bbox 116 1495 259 1572; x_wconf 78' lang='lat' dir='ltr'>concidit,</span> <span class='ocrx_word' id='word_1_84' title='bbox 279 1496 472 1581; x_wconf 86' lang='lat' dir='ltr'>elapsaeque</span> <span class='ocrx_word' id='word_1_85' title='bbox 490 1505 615 1560; x_wconf 91' lang='lat' dir='ltr'>vetusto</span> <span class='ocrx_word' id='word_1_86' title='bbox 633 1497 763 1562; x_wconf 90' lang='lat' dir='ltr'>numine</span> <span class='ocrx_word' id='word_1_87' title='bbox 780 1498 879 1585; x_wconf 85' lang='lat' dir='ltr'>leges,</span> 
     </span>
    </p>

    <p class='ocr_par' dir='ltr' id='par_1_5' title="bbox 116 1580 891 1666">
     <span class='ocr_line' id='line_1_16' title="bbox 116 1580 891 1666; baseline 0.005 -23"><span class='ocrx_word' id='word_1_88' title='bbox 116 1590 144 1643; x_wconf 88' lang='lat' dir='ltr'>et</span> <span class='ocrx_word' id='word_1_89' title='bbox 161 1580 269 1661; x_wconf 86' lang='lat' dir='ltr'>divom</span> <span class='ocrx_word' id='word_1_90' title='bbox 288 1580 459 1645; x_wconf 89' lang='lat' dir='ltr'>simulacra</span> <span class='ocrx_word' id='word_1_91' title='bbox 476 1582 611 1666; x_wconf 87' lang='lat' dir='ltr'>peremit</span> <span class='ocrx_word' id='word_1_92' title='bbox 627 1583 769 1648; x_wconf 83' lang='lat' dir='ltr'>fulminis</span> <span class='ocrx_word' id='word_1_93' title='bbox 787 1584 891 1648; x_wconf 87' lang='lat' dir='ltr'>ardor.</span> 
     </span>
    </p>

    <p class='ocr_par' dir='ltr' id='par_1_6' title="bbox 27 1665 902 1836">
     <span class='ocr_line' id='line_1_17' title="bbox 27 1665 851 1749; baseline 0.01 -25"><span class='ocrx_word' id='word_1_94' title='bbox 27 1717 28 1724; x_wconf 72' lang='grc'>,</span> <span class='ocrx_word' id='word_1_95' title='bbox 115 1665 162 1730; x_wconf 89' lang='lat' dir='ltr'>hic</span> <span class='ocrx_word' id='word_1_96' title='bbox 178 1665 337 1749; x_wconf 85' lang='lat' dir='ltr'>silvestris</span> <span class='ocrx_word' id='word_1_97' title='bbox 356 1677 424 1731; x_wconf 87' lang='lat' dir='ltr'>erat</span> <span class='ocrx_word' id='word_1_98' title='bbox 440 1667 578 1731; x_wconf 86' lang='lat' dir='ltr'>Romani</span> <span class='ocrx_word' id='word_1_99' title='bbox 594 1668 729 1732; x_wconf 89' lang='lat' dir='ltr'>nominis</span> <span class='ocrx_word' id='word_1_100' title='bbox 748 1669 851 1745; x_wconf 88' lang='lat' dir='ltr'>altrix,</span> 
     </span>
     <span class='ocr_line' id='line_1_18' title="bbox 116 1749 902 1836; baseline 0.006 -22"><span class='ocrx_word' id='word_1_101' title='bbox 116 1749 238 1826; x_wconf 89' lang='lat' dir='ltr'>Martia,</span> <span class='ocrx_word' id='word_1_102' title='bbox 258 1773 347 1836; x_wconf 92' lang='lat' dir='ltr'>quae</span> <span class='ocrx_word' id='word_1_103' title='bbox 364 1773 478 1836; x_wconf 86' lang='lat' dir='ltr'>parvos</span> <span class='ocrx_word' id='word_1_104' title='bbox 496 1752 654 1818; x_wconf 86' lang='lat' dir='ltr'>Mavortis</span> <span class='ocrx_word' id='word_1_105' title='bbox 673 1755 792 1820; x_wconf 89' lang='lat' dir='ltr'>semine</span> <span class='ocrx_word' id='word_1_106' title='bbox 810 1765 902 1819; x_wconf 89' lang='lat' dir='ltr'>natos</span> 
     </span>
    </p>

    <p class='ocr_par' dir='ltr' id='par_1_7' title="bbox 26 1835 777 1925">
     <span class='ocr_line' id='line_1_19' title="bbox 26 1835 777 1925; baseline 0.009 -28"><span class='ocrx_word' id='word_1_107' title='bbox 26 1889 28 1920; x_wconf 47' lang='lat'>,</span> <span class='ocrx_word' id='word_1_108' title='bbox 116 1835 261 1901; x_wconf 88' lang='lat' dir='ltr'>uberibus</span> <span class='ocrx_word' id='word_1_109' title='bbox 279 1837 427 1922; x_wconf 86' lang='lat' dir='ltr'>gravidis</span> <span class='ocrx_word' id='word_1_110' title='bbox 444 1837 533 1902; x_wconf 92' lang='lat' dir='ltr'>vitali</span> <span class='ocrx_word' id='word_1_111' title='bbox 549 1859 620 1903; x_wconf 88' lang='lat' dir='ltr'>rore</span> <span class='ocrx_word' id='word_1_112' title='bbox 637 1838 777 1925; x_wconf 84' lang='lat' dir='ltr'>rigabat:</span> 
     </span>
    </p>

    <p class='ocr_par' dir='ltr' id='par_1_8' title="bbox 26 1921 924 2097">
     <span class='ocr_line' id='line_1_20' title="bbox 26 1921 924 2008; baseline 0.006 -24"><span class='ocrx_word' id='word_1_113' title='bbox 26 1921 27 1924; x_wconf 65' lang='grc'>’</span> <span class='ocrx_word' id='word_1_114' title='bbox 116 1941 192 2003; x_wconf 87' lang='lat' dir='ltr'>quae</span> <span class='ocrx_word' id='word_1_115' title='bbox 209 1935 282 1987; x_wconf 89' lang='lat' dir='ltr'>tum</span> <span class='ocrx_word' id='word_1_116' title='bbox 304 1944 377 1987; x_wconf 88' lang='lat' dir='ltr'>cum</span> <span class='ocrx_word' id='word_1_117' title='bbox 395 1923 502 2008; x_wconf 85' lang='lat' dir='ltr'>pueris</span> <span class='ocrx_word' id='word_1_118' title='bbox 519 1923 681 1989; x_wconf 88' lang='lat' dir='ltr'>flammato</span> <span class='ocrx_word' id='word_1_119' title='bbox 699 1924 841 1991; x_wconf 87' lang='lat' dir='ltr'>fulminis</span> <span class='ocrx_word' id='word_1_120' title='bbox 859 1926 924 1991; x_wconf 88' lang='lat' dir='ltr'>ictu</span> 
     </span>
     <span class='ocr_line' id='line_1_21' title="bbox 118 2007 901 2097; baseline 0.01 -29"><span class='ocrx_word' id='word_1_121' title='bbox 118 2007 248 2072; x_wconf 90' lang='lat' dir='ltr'>concidit</span> <span class='ocrx_word' id='word_1_122' title='bbox 267 2017 368 2091; x_wconf 84' lang='lat' dir='ltr'>atque</span> <span class='ocrx_word' id='word_1_123' title='bbox 386 2009 495 2074; x_wconf 89' lang='lat' dir='ltr'>avolsa</span> <span class='ocrx_word' id='word_1_124' title='bbox 511 2009 631 2094; x_wconf 89' lang='lat' dir='ltr'>pedum</span> <span class='ocrx_word' id='word_1_125' title='bbox 648 2011 784 2097; x_wconf 85' lang='lat' dir='ltr'>vestigia</span> <span class='ocrx_word' id='word_1_126' title='bbox 800 2011 901 2094; x_wconf 89' lang='lat' dir='ltr'>liquit.</span> 
     </span>
    </p>

    <p class='ocr_par' dir='ltr' id='par_1_9' title="bbox 117 2093 1027 2181">
     <span class='ocr_line' id='line_1_22' title="bbox 117 2093 1027 2181; baseline 0.011 -29"><span class='ocrx_word' id='word_1_127' title='bbox 117 2102 179 2156; x_wconf 90' lang='lat' dir='ltr'>tum</span> <span class='ocrx_word' id='word_1_128' title='bbox 196 2093 268 2177; x_wconf 89' lang='lat' dir='ltr'>quis</span> <span class='ocrx_word' id='word_1_129' title='bbox 291 2115 356 2157; x_wconf 90' lang='lat' dir='ltr'>non</span> <span class='ocrx_word' id='word_1_130' title='bbox 373 2093 449 2158; x_wconf 87' lang='lat' dir='ltr'>artis</span> <span class='ocrx_word' id='word_1_131' title='bbox 467 2095 585 2181; x_wconf 84' lang='lat' dir='ltr'>scripta</span> <span class='ocrx_word' id='word_1_132' title='bbox 602 2117 640 2160; x_wconf 89' lang='lat' dir='ltr'>ac</span> <span class='ocrx_word' id='word_1_133' title='bbox 657 2109 864 2162; x_wconf 88' lang='lat' dir='ltr'>monumenta</span> <span class='ocrx_word' id='word_1_134' title='bbox 880 2099 1027 2162; x_wconf 87' lang='lat' dir='ltr'>volutans</span> 
     </span>
    </p>
   </div>
   <div class='ocr_carea' id='block_1_3' title="bbox 26 2177 885 2264">
    <p class='ocr_par' dir='ltr' id='par_1_10' title="bbox 26 2177 885 2264">
     <span class='ocr_line' id='line_1_23' title="bbox 26 2177 885 2264; baseline 0.008 -25"><span class='ocrx_word' id='word_1_135' title='bbox 26 2245 27 2258; x_wconf 11' lang='grc' dir='ltr'>χ</span> <span class='ocrx_word' id='word_1_136' title='bbox 118 2199 203 2243; x_wconf 86' lang='lat' dir='ltr'>voces</span> <span class='ocrx_word' id='word_1_137' title='bbox 221 2177 387 2244; x_wconf 88' lang='lat' dir='ltr'>tristificas</span> <span class='ocrx_word' id='word_1_138' title='bbox 404 2179 520 2245; x_wconf 89' lang='lat' dir='ltr'>chartis</span> <span class='ocrx_word' id='word_1_139' title='bbox 538 2181 705 2264; x_wconf 86' lang='lat' dir='ltr'>promebat</span> <span class='ocrx_word' id='word_1_140' title='bbox 721 2180 885 2248; x_wconf 84' lang='lat' dir='ltr'>Etruscis?</span> 
     </span>
    </p>
   </div>
   <div class='ocr_carea' id='block_1_4' title="bbox 26 2263 940 2436">
    <p class='ocr_par' dir='ltr' id='par_1_11' title="bbox 26 2263 940 2436">
     <span class='ocr_line' id='line_1_24' title="bbox 26 2263 850 2352; baseline 0.008 -29"><span class='ocrx_word' id='word_1_141' title='bbox 26 2267 27 2284; x_wconf 81' lang='lat'>³</span> <span class='ocrx_word' id='word_1_142' title='bbox 119 2283 219 2329; x_wconf 87' lang='lat' dir='ltr'>omnes</span> <span class='ocrx_word' id='word_1_143' title='bbox 238 2263 370 2328; x_wconf 89' lang='lat' dir='ltr'>civilem</span> <span class='ocrx_word' id='word_1_144' title='bbox 386 2286 542 2350; x_wconf 87' lang='lat' dir='ltr'>generosa</span> <span class='ocrx_word' id='word_1_145' title='bbox 558 2266 655 2352; x_wconf 85' lang='lat' dir='ltr'>stirpe</span> <span class='ocrx_word' id='word_1_146' title='bbox 672 2267 850 2351; x_wconf 87' lang='lat' dir='ltr'>profectam</span> 
     </span>
     <span class='ocr_line' id='line_1_25' title="bbox 118 2346 940 2436; baseline 0.005 -26"><span class='ocrx_word' id='word_1_147' title='bbox 118 2346 210 2414; x_wconf 89' lang='lat' dir='ltr'>vitare</span> <span class='ocrx_word' id='word_1_148' title='bbox 227 2349 394 2436; x_wconf 89' lang='lat' dir='ltr'>ingentem</span> <span class='ocrx_word' id='word_1_149' title='bbox 413 2350 537 2416; x_wconf 90' lang='lat' dir='ltr'>cladem</span> <span class='ocrx_word' id='word_1_150' title='bbox 554 2363 740 2436; x_wconf 88' lang='lat' dir='ltr'>pestemque</span> <span class='ocrx_word' id='word_1_151' title='bbox 758 2351 940 2426; x_wconf 90' lang='lat' dir='ltr'>monebant,</span> 
     </span>
    </p>
   </div>
   <div class='ocr_carea' id='block_1_5' title="bbox 26 2433 887 2520">
    <p class='ocr_par' dir='ltr' id='par_1_12' title="bbox 26 2433 887 2520">
     <span class='ocr_line' id='line_1_26' title="bbox 26 2433 887 2520; baseline 0.006 -25"><span class='ocrx_word' id='word_1_152' title='bbox 26 2495 27 2510; x_wconf 53' lang='grc'>,</span> <span class='ocrx_word' id='word_1_153' title='bbox 119 2433 163 2497; x_wconf 92' lang='lat' dir='ltr'>vel</span> <span class='ocrx_word' id='word_1_154' title='bbox 179 2435 293 2520; x_wconf 85' lang='lat' dir='ltr'>legum</span> <span class='ocrx_word' id='word_1_155' title='bbox 311 2434 443 2499; x_wconf 87' lang='lat' dir='ltr'>exitium</span> <span class='ocrx_word' id='word_1_156' title='bbox 460 2437 617 2501; x_wconf 88' lang='lat' dir='ltr'>constanti</span> <span class='ocrx_word' id='word_1_157' title='bbox 634 2458 713 2501; x_wconf 91' lang='lat' dir='ltr'>voce</span> <span class='ocrx_word' id='word_1_158' title='bbox 731 2437 887 2512; x_wconf 84' lang='lat' dir='ltr'>ferebant,</span> 
     </span>
    </p>
   </div>
   <div class='ocr_carea' id='block_1_6' title="bbox 26 2519 1030 2617">
    <p class='ocr_par' dir='ltr' id='par_1_13' title="bbox 26 2519 1030 2617">
     <span class='ocr_line' id='line_1_27' title="bbox 26 2519 1030 2617; baseline 0 -35"><span class='ocrx_word' id='word_1_159' title='bbox 26 2523 28 2594; x_wconf 61' lang='grc' dir='ltr'>ζ</span> <span class='ocrx_word' id='word_1_160' title='bbox 119 2520 230 2617; x_wconf 76' lang='lat' dir='ltr'>templa</span> <span class='ocrx_word' id='word_1_161' title='bbox 248 2521 412 2604; x_wconf 88' lang='lat' dir='ltr'>deumque</span> <span class='ocrx_word' id='word_1_162' title='bbox 430 2522 510 2586; x_wconf 87' lang='lat' dir='ltr'>adeo</span> <span class='ocrx_word' id='word_1_163' title='bbox 528 2521 664 2586; x_wconf 89' lang='lat' dir='ltr'>flammis</span> <span class='ocrx_word' id='word_1_164' title='bbox 682 2521 859 2604; x_wconf 91' lang='lat' dir='ltr'>urbemque</span> <span class='ocrx_word' id='word_1_165' title='bbox 876 2519 1030 2584; x_wconf 88' lang='lat' dir='ltr'>iubebant</span> 
     </span>
    </p>
   </div>
   <div class='ocr_carea' id='block_1_7' title="bbox 26 2605 992 2691">
    <p class='ocr_par' dir='ltr' id='par_1_14' title="bbox 26 2605 992 2691">
     <span class='ocr_line' id='line_1_28' title="bbox 26 2605 992 2691; baseline -0.004 -19"><span class='ocrx_word' id='word_1_166' title='bbox 26 2669 27 2672; x_wconf 74' lang='grc'>,</span> <span class='ocrx_word' id='word_1_167' title='bbox 121 2625 233 2690; x_wconf 83' lang='lat' dir='ltr'>cupere</span> <span class='ocrx_word' id='word_1_168' title='bbox 251 2616 288 2670; x_wconf 88' lang='lat' dir='ltr'>et</span> <span class='ocrx_word' id='word_1_169' title='bbox 305 2616 444 2691; x_wconf 88' lang='lat' dir='ltr'>stragem</span> <span class='ocrx_word' id='word_1_170' title='bbox 462 2606 645 2672; x_wconf 88' lang='lat' dir='ltr'>horribilem</span> <span class='ocrx_word' id='word_1_171' title='bbox 663 2605 858 2689; x_wconf 88' lang='lat' dir='ltr'>caedemque</span> <span class='ocrx_word' id='word_1_172' title='bbox 876 2605 992 2669; x_wconf 88' lang='lat' dir='ltr'>vereri:</span> 
     </span>
    </p>
   </div>
   <div class='ocr_carea' id='block_1_8' title="bbox 120 2690 997 3971">
    <p class='ocr_par' dir='ltr' id='par_1_15' title="bbox 120 2690 918 2776">
     <span class='ocr_line' id='line_1_29' title="bbox 120 2690 918 2776; baseline 0.005 -26"><span class='ocrx_word' id='word_1_173' title='bbox 120 2699 208 2772; x_wconf 89' lang='lat' dir='ltr'>atque</span> <span class='ocrx_word' id='word_1_174' title='bbox 225 2690 310 2756; x_wconf 87' lang='lat' dir='ltr'>haec</span> <span class='ocrx_word' id='word_1_175' title='bbox 326 2691 390 2755; x_wconf 88' lang='lat' dir='ltr'>fixa</span> <span class='ocrx_word' id='word_1_176' title='bbox 407 2691 498 2776; x_wconf 84' lang='lat' dir='ltr'>gravi</span> <span class='ocrx_word' id='word_1_177' title='bbox 516 2692 583 2756; x_wconf 88' lang='lat' dir='ltr'>fato</span> <span class='ocrx_word' id='word_1_178' title='bbox 601 2713 639 2756; x_wconf 89' lang='lat' dir='ltr'>ac</span> <span class='ocrx_word' id='word_1_179' title='bbox 656 2690 791 2755; x_wconf 87' lang='lat' dir='ltr'>fundata</span> <span class='ocrx_word' id='word_1_180' title='bbox 808 2691 918 2765; x_wconf 88' lang='lat' dir='ltr'>teneri,</span> 
     </span>
    </p>

    <p class='ocr_par' dir='ltr' id='par_1_16' title="bbox 120 2773 993 3364">
     <span class='ocr_line' id='line_1_30' title="bbox 120 2773 954 2859; baseline 0.005 -23"><span class='ocrx_word' id='word_1_181' title='bbox 120 2773 149 2836; x_wconf 93' lang='lat' dir='ltr'>ni</span> <span class='ocrx_word' id='word_1_182' title='bbox 164 2775 250 2859; x_wconf 89' lang='lat' dir='ltr'>prius</span> <span class='ocrx_word' id='word_1_183' title='bbox 271 2777 433 2841; x_wconf 87' lang='lat' dir='ltr'>excelsum</span> <span class='ocrx_word' id='word_1_184' title='bbox 451 2777 492 2842; x_wconf 90' lang='lat' dir='ltr'>ad</span> <span class='ocrx_word' id='word_1_185' title='bbox 511 2777 657 2842; x_wconf 90' lang='lat' dir='ltr'>columen</span> <span class='ocrx_word' id='word_1_186' title='bbox 675 2775 812 2841; x_wconf 88' lang='lat' dir='ltr'>formata</span> <span class='ocrx_word' id='word_1_187' title='bbox 830 2775 954 2852; x_wconf 86' lang='lat' dir='ltr'>decore,</span> 
     </span>
     <span class='ocr_line' id='line_1_31' title="bbox 122 2861 933 2948; baseline 0.006 -28"><span class='ocrx_word' id='word_1_188' title='bbox 122 2870 223 2926; x_wconf 85' lang='lat' dir='ltr'>sancta</span> <span class='ocrx_word' id='word_1_189' title='bbox 239 2861 330 2926; x_wconf 90' lang='lat' dir='ltr'>Iovis</span> <span class='ocrx_word' id='word_1_190' title='bbox 348 2863 470 2946; x_wconf 89' lang='lat' dir='ltr'>specics</span> <span class='ocrx_word' id='word_1_191' title='bbox 489 2863 590 2928; x_wconf 89' lang='lat' dir='ltr'>claros</span> <span class='ocrx_word' id='word_1_192' title='bbox 609 2871 767 2948; x_wconf 88' lang='lat' dir='ltr'>spectaret</span> <span class='ocrx_word' id='word_1_193' title='bbox 783 2862 817 2926; x_wconf 92' lang='lat' dir='ltr'>in</span> <span class='ocrx_word' id='word_1_194' title='bbox 835 2872 933 2927; x_wconf 87' lang='lat' dir='ltr'>ortus.</span> 
     </span>
     <span class='ocr_line' id='line_1_32' title="bbox 121 2945 993 3033; baseline 0.007 -27"><span class='ocrx_word' id='word_1_195' title='bbox 121 2955 182 3008; x_wconf 89' lang='lat' dir='ltr'>tum</span> <span class='ocrx_word' id='word_1_196' title='bbox 198 2945 269 3012; x_wconf 90' lang='lat' dir='ltr'>fore</span> <span class='ocrx_word' id='word_1_197' title='bbox 287 2956 324 3010; x_wconf 93' lang='lat' dir='ltr'>ut</span> <span class='ocrx_word' id='word_1_198' title='bbox 341 2948 481 3012; x_wconf 87' lang='lat' dir='ltr'>occultos</span> <span class='ocrx_word' id='word_1_199' title='bbox 498 2948 634 3033; x_wconf 89' lang='lat' dir='ltr'>populus</span> <span class='ocrx_word' id='word_1_200' title='bbox 653 2958 846 3032; x_wconf 89' lang='lat' dir='ltr'>sanctusque</span> <span class='ocrx_word' id='word_1_201' title='bbox 865 2958 993 3014; x_wconf 89' lang='lat' dir='ltr'>senatus</span> 
     </span>
     <span class='ocr_line' id='line_1_33' title="bbox 122 3033 849 3116; baseline 0.008 -26"><span class='ocrx_word' id='word_1_202' title='bbox 122 3049 241 3096; x_wconf 84' lang='lat' dir='ltr'>cernere</span> <span class='ocrx_word' id='word_1_203' title='bbox 261 3037 395 3097; x_wconf 85' lang='lat' dir='ltr'>conatus</span> <span class='ocrx_word' id='word_1_204' title='bbox 412 3043 529 3116; x_wconf 89' lang='lat' dir='ltr'>posset,</span> <span class='ocrx_word' id='word_1_205' title='bbox 548 3034 574 3096; x_wconf 90' lang='lat' dir='ltr'>si</span> <span class='ocrx_word' id='word_1_206' title='bbox 592 3033 667 3098; x_wconf 91' lang='lat' dir='ltr'>solis</span> <span class='ocrx_word' id='word_1_207' title='bbox 686 3033 849 3098; x_wconf 90' lang='lat' dir='ltr'>adortum</span> 
     </span>
     <span class='ocr_line' id='line_1_34' title="bbox 121 3117 990 3203; baseline 0.003 -25"><span class='ocrx_word' id='word_1_208' title='bbox 121 3134 279 3193; x_wconf 87' lang='lat' dir='ltr'>conversa,</span> <span class='ocrx_word' id='word_1_209' title='bbox 296 3117 370 3182; x_wconf 88' lang='lat' dir='ltr'>inde</span> <span class='ocrx_word' id='word_1_210' title='bbox 388 3128 515 3202; x_wconf 87' lang='lat' dir='ltr'>patrum</span> <span class='ocrx_word' id='word_1_211' title='bbox 533 3117 623 3183; x_wconf 86' lang='lat' dir='ltr'>sedes</span> <span class='ocrx_word' id='word_1_212' title='bbox 641 3117 815 3203; x_wconf 91' lang='lat' dir='ltr'>populique</span> <span class='ocrx_word' id='word_1_213' title='bbox 833 3117 963 3182; x_wconf 86' lang='lat' dir='ltr'>videret.</span> <span class='ocrx_word' id='word_1_214' title='bbox 977 3145 990 3160; x_wconf 44' lang='lat'>*-</span> 
     </span>
     <span class='ocr_line' id='line_1_35' title="bbox 122 3195 905 3288; baseline 0.005 -26"><span class='ocrx_word' id='word_1_215' title='bbox 122 3195 193 3266; x_wconf 88' lang='lat' dir='ltr'>haec</span> <span class='ocrx_word' id='word_1_216' title='bbox 208 3201 337 3266; x_wconf 84' lang='lat' dir='ltr'>tardata</span> <span class='ocrx_word' id='word_1_217' title='bbox 353 3203 408 3266; x_wconf 88' lang='lat' dir='ltr'>diu</span> <span class='ocrx_word' id='word_1_218' title='bbox 426 3203 546 3288; x_wconf 88' lang='lat' dir='ltr'>species</span> <span class='ocrx_word' id='word_1_219' title='bbox 564 3204 764 3288; x_wconf 91' lang='lat' dir='ltr'>multumque</span> <span class='ocrx_word' id='word_1_220' title='bbox 782 3214 905 3268; x_wconf 89' lang='lat' dir='ltr'>morata</span> 
     </span>
     <span class='ocr_line' id='line_1_36' title="bbox 123 3286 886 3364; baseline 0.008 -18"><span class='ocrx_word' id='word_1_221' title='bbox 123 3286 244 3352; x_wconf 87' lang='lat' dir='ltr'>consule</span> <span class='ocrx_word' id='word_1_222' title='bbox 262 3299 295 3352; x_wconf 87' lang='lat' dir='ltr'>te</span> <span class='ocrx_word' id='word_1_223' title='bbox 313 3288 441 3352; x_wconf 86' lang='lat' dir='ltr'>tandem</span> <span class='ocrx_word' id='word_1_224' title='bbox 460 3289 545 3354; x_wconf 88' lang='lat' dir='ltr'>celsa</span> <span class='ocrx_word' id='word_1_225' title='bbox 562 3289 659 3353; x_wconf 88' lang='lat' dir='ltr'>estin</span> <span class='ocrx_word' id='word_1_226' title='bbox 678 3291 753 3354; x_wconf 88' lang='lat' dir='ltr'>sede</span> <span class='ocrx_word' id='word_1_227' title='bbox 770 3288 886 3364; x_wconf 90' lang='lat' dir='ltr'>locata,</span> 
     </span>
    </p>

    <p class='ocr_par' dir='ltr' id='par_1_17' title="bbox 123 3372 819 3459">
     <span class='ocr_line' id='line_1_37' title="bbox 123 3372 819 3459; baseline 0.01 -28"><span class='ocrx_word' id='word_1_228' title='bbox 123 3380 209 3452; x_wconf 86' lang='lat' dir='ltr'>atque</span> <span class='ocrx_word' id='word_1_229' title='bbox 226 3395 294 3436; x_wconf 84' lang='lat' dir='ltr'>una</span> <span class='ocrx_word' id='word_1_230' title='bbox 310 3372 366 3436; x_wconf 84' lang='lat' dir='ltr'>fixi</span> <span class='ocrx_word' id='word_1_231' title='bbox 383 3395 421 3438; x_wconf 88' lang='lat' dir='ltr'>ac</span> <span class='ocrx_word' id='word_1_232' title='bbox 440 3373 555 3459; x_wconf 88' lang='lat' dir='ltr'>signati</span> <span class='ocrx_word' id='word_1_233' title='bbox 573 3375 723 3459; x_wconf 89' lang='lat' dir='ltr'>temporis</span> <span class='ocrx_word' id='word_1_234' title='bbox 740 3374 819 3438; x_wconf 87' lang='lat' dir='ltr'>hora</span> 
     </span>
    </p>

    <p class='ocr_par' dir='ltr' id='par_1_18' title="bbox 121 3452 884 3544">
     <span class='ocr_line' id='line_1_38' title="bbox 121 3452 884 3544; baseline 0.009 -28"><span class='ocrx_word' id='word_1_235' title='bbox 121 3452 259 3540; x_wconf 88' lang='lat' dir='ltr'>Iuppiter</span> <span class='ocrx_word' id='word_1_236' title='bbox 278 3458 403 3523; x_wconf 89' lang='lat' dir='ltr'>excelsa</span> <span class='ocrx_word' id='word_1_237' title='bbox 421 3459 563 3522; x_wconf 89' lang='lat' dir='ltr'>clarabat</span> <span class='ocrx_word' id='word_1_238' title='bbox 579 3471 704 3544; x_wconf 86' lang='lat' dir='ltr'>sceptra</span> <span class='ocrx_word' id='word_1_239' title='bbox 722 3459 884 3536; x_wconf 86' lang='lat' dir='ltr'>columna3</span> 
     </span>
    </p>

    <p class='ocr_par' dir='ltr' id='par_1_19' title="bbox 122 3541 850 3630">
     <span class='ocr_line' id='line_1_39' title="bbox 122 3541 850 3630; baseline 0.008 -29"><span class='ocrx_word' id='word_1_240' title='bbox 122 3549 150 3601; x_wconf 86' lang='lat' dir='ltr'>et</span> <span class='ocrx_word' id='word_1_241' title='bbox 165 3541 270 3607; x_wconf 86' lang='lat' dir='ltr'>clades</span> <span class='ocrx_word' id='word_1_242' title='bbox 288 3541 408 3627; x_wconf 87' lang='lat' dir='ltr'>patriae</span> <span class='ocrx_word' id='word_1_243' title='bbox 425 3543 555 3608; x_wconf 87' lang='lat' dir='ltr'>flamma</span> <span class='ocrx_word' id='word_1_244' title='bbox 571 3544 720 3627; x_wconf 83' lang='lat' dir='ltr'>ferroque</span> <span class='ocrx_word' id='word_1_245' title='bbox 737 3553 850 3630; x_wconf 87' lang='lat' dir='ltr'>parata</span> 
     </span>
    </p>

    <p class='ocr_par' dir='ltr' id='par_1_20' title="bbox 120 3626 997 3971">
     <span class='ocr_line' id='line_1_40' title="bbox 122 3626 997 3721; baseline 0.007 -35"><span class='ocrx_word' id='word_1_246' title='bbox 122 3626 247 3721; x_wconf 71' lang='lat' dir='ltr'>vocibus</span> <span class='ocrx_word' id='word_1_247' title='bbox 265 3628 478 3714; x_wconf 85' lang='lat' dir='ltr'>Allobrogum</span> <span class='ocrx_word' id='word_1_248' title='bbox 496 3629 639 3714; x_wconf 90' lang='lat' dir='ltr'>patribus</span> <span class='ocrx_word' id='word_1_249' title='bbox 657 3630 840 3714; x_wconf 91' lang='lat' dir='ltr'>populoque</span> <span class='ocrx_word' id='word_1_250' title='bbox 858 3628 997 3715; x_wconf 89' lang='lat' dir='ltr'>patebat.</span> 
     </span>
     <span class='ocr_line' id='line_1_41' title="bbox 120 3711 958 3797; baseline 0.011 -27"><span class='ocrx_word' id='word_1_251' title='bbox 120 3720 176 3773; x_wconf 87' lang='lat' dir='ltr'>nte</span> <span class='ocrx_word' id='word_1_252' title='bbox 191 3711 290 3797; x_wconf 88' lang='lat' dir='ltr'>igitur</span> <span class='ocrx_word' id='word_1_253' title='bbox 306 3724 440 3790; x_wconf 88' lang='lat' dir='ltr'>veteres,</span> <span class='ocrx_word' id='word_1_254' title='bbox 457 3736 594 3797; x_wconf 90' lang='lat' dir='ltr'>quorum</span> <span class='ocrx_word' id='word_1_255' title='bbox 610 3726 816 3780; x_wconf 88' lang='lat' dir='ltr'>monumenta</span> <span class='ocrx_word' id='word_1_256' title='bbox 834 3715 958 3791; x_wconf 87' lang='lat' dir='ltr'>tenetis,</span> 
     </span>
     <span class='ocr_line' id='line_1_42' title="bbox 122 3793 976 3886; baseline 0.006 -28"><span class='ocrx_word' id='word_1_257' title='bbox 122 3793 172 3874; x_wconf 85' lang='lat' dir='ltr'>qui</span> <span class='ocrx_word' id='word_1_258' title='bbox 188 3799 323 3883; x_wconf 85' lang='lat' dir='ltr'>populos</span> <span class='ocrx_word' id='word_1_259' title='bbox 340 3799 492 3883; x_wconf 89' lang='lat' dir='ltr'>urbisque</span> <span class='ocrx_word' id='word_1_260' title='bbox 509 3800 605 3865; x_wconf 89' lang='lat' dir='ltr'>modo</span> <span class='ocrx_word' id='word_1_261' title='bbox 623 3823 661 3865; x_wconf 88' lang='lat' dir='ltr'>ac</span> <span class='ocrx_word' id='word_1_262' title='bbox 678 3801 795 3866; x_wconf 88' lang='lat' dir='ltr'>virtute</span> <span class='ocrx_word' id='word_1_263' title='bbox 811 3801 976 3886; x_wconf 84' lang='lat' dir='ltr'>regebant,</span> 
     </span>
     <span class='ocr_line' id='line_1_43' title="bbox 122 3877 898 3971; baseline 0.01 -27"><span class='ocrx_word' id='word_1_264' title='bbox 122 3877 176 3946; x_wconf 87' lang='lat' dir='ltr'>rite</span> <span class='ocrx_word' id='word_1_265' title='bbox 193 3883 289 3948; x_wconf 88' lang='lat' dir='ltr'>etiam</span> <span class='ocrx_word' id='word_1_266' title='bbox 305 3885 401 3949; x_wconf 84' lang='lat' dir='ltr'>vestri</span> <span class='ocrx_word' id='word_1_267' title='bbox 418 3906 555 3968; x_wconf 90' lang='lat' dir='ltr'>quorum</span> <span class='ocrx_word' id='word_1_268' title='bbox 573 3887 738 3971; x_wconf 86' lang='lat' dir='ltr'>pietasque</span> <span class='ocrx_word' id='word_1_269' title='bbox 754 3885 898 3970; x_wconf 89' lang='lat' dir='ltr'>fidesque</span> 
     </span>
    </p>
   </div>
   <div class='ocr_carea' id='block_1_9' title="bbox 26 3967 866 4142">
    <p class='ocr_par' dir='ltr' id='par_1_21' title="bbox 26 3967 866 4142">
     <span class='ocr_line' id='line_1_44' title="bbox 26 3967 866 4056; baseline 0.002 -24"><span class='ocrx_word' id='word_1_270' title='bbox 26 3967 28 3988; x_wconf 81' lang='lat'><strong>⁴</strong></span> <span class='ocrx_word' id='word_1_271' title='bbox 123 3968 273 4046; x_wconf 87' lang='lat' dir='ltr'>praestitit</span> <span class='ocrx_word' id='word_1_272' title='bbox 291 3991 328 4034; x_wconf 91' lang='lat' dir='ltr'>ac</span> <span class='ocrx_word' id='word_1_273' title='bbox 345 3971 440 4056; x_wconf 85' lang='lat' dir='ltr'>longe</span> <span class='ocrx_word' id='word_1_274' title='bbox 457 3971 534 4036; x_wconf 91' lang='lat' dir='ltr'>vicit</span> <span class='ocrx_word' id='word_1_275' title='bbox 551 3971 705 4056; x_wconf 87' lang='lat' dir='ltr'>sapientia</span> <span class='ocrx_word' id='word_1_276' title='bbox 723 3981 866 4048; x_wconf 90' lang='lat' dir='ltr'>cunctos,</span> 
     </span>
     <span class='ocr_line' id='line_1_45' title="bbox 26 4054 839 4142; baseline 0 -23"><span class='ocrx_word' id='word_1_277' title='bbox 26 4071 27 4076; x_wconf 73' lang='grc'>’</span> <span class='ocrx_word' id='word_1_278' title='bbox 123 4054 286 4140; x_wconf 86' lang='lat' dir='ltr'>praecipue</span> <span class='ocrx_word' id='word_1_279' title='bbox 305 4056 429 4122; x_wconf 88' lang='lat' dir='ltr'>coluere</span> <span class='ocrx_word' id='word_1_280' title='bbox 448 4056 568 4142; x_wconf 86' lang='lat' dir='ltr'>vigenti</span> <span class='ocrx_word' id='word_1_281' title='bbox 586 4057 715 4122; x_wconf 90' lang='lat' dir='ltr'>numine</span> <span class='ocrx_word' id='word_1_282' title='bbox 734 4056 823 4121; x_wconf 88' lang='lat' dir='ltr'>divos</span> <span class='ocrx_word' id='word_1_283' title='bbox 829 4079 839 4132; x_wconf 90' lang='lat'>;</span> 
     </span>
    </p>
   </div>
   <div class='ocr_carea' id='block_1_10' title="bbox 0 0 1364 4554">
    <p class='ocr_par' dir='ltr' id='par_1_22' title="bbox 0 0 1364 4554">
     <span class='ocr_line' id='line_1_46' title="bbox 0 0 1364 4554; baseline 0 0"><span class='ocrx_word' id='word_1_284' title='bbox 0 0 1364 4554; x_wconf 95' lang='lat' dir='ltr'> </span> 
     </span>
    </p>
   </div>
  </div>
 </body>
</html>
