<?xml version="1.0" encoding="UTF-8"?>
<!DOCTYPE html PUBLIC "-//W3C//DTD XHTML 1.0 Transitional//EN"
    "http://www.w3.org/TR/xhtml1/DTD/xhtml1-transitional.dtd">
<html xmlns="http://www.w3.org/1999/xhtml" xml:lang="en" lang="en">
 <head>
  <title>
</title>
<meta http-equiv="Content-Type" content="text/html;charset=utf-8" />
  <meta name='ocr-system' content='tesseract 3.04.00' />
  <meta name='ocr-capabilities' content='ocr_page ocr_carea ocr_par ocr_line ocrx_word'/>
</head>
<body>
  <div class='ocr_page' id='page_1' title='image "./mtulliiciceroni95cicegoog/mtulliiciceroni95cicegoog_0077.png"; bbox 0 0 2674 4558; ppageno 0'>
   <div class='ocr_carea' id='block_1_1' title="bbox 478 265 1153 336">
    <p class='ocr_par' dir='ltr' id='par_1_1' title="bbox 478 265 1153 336">
     <span class='ocr_line' id='line_1_1' title="bbox 478 265 1153 336; baseline -0.007 -2"><span class='ocrx_word' id='word_1_1' title='bbox 478 278 729 336; x_wconf 79' lang='lat' dir='ltr'>FRAGMENTA.</span> <span class='ocrx_word' id='word_1_2' title='bbox 1112 265 1153 330; x_wconf 87' lang='lat' dir='ltr'><strong>dl</strong></span> 
     </span>
    </p>
   </div>
   <div class='ocr_carea' id='block_1_2' title="bbox 80 401 1156 830">
    <p class='ocr_par' dir='ltr' id='par_1_2' title="bbox 80 401 1156 830">
     <span class='ocr_line' id='line_1_2' title="bbox 83 401 1155 489; baseline -0.003 -20"><span class='ocrx_word' id='word_1_3' title='bbox 83 402 166 480; x_wconf 84' lang='lat' dir='ltr'><strong>aheni,</strong></span> <span class='ocrx_word' id='word_1_4' title='bbox 190 425 246 468; x_wconf 89' lang='lat' dir='ltr'><strong>nec</strong></span> <span class='ocrx_word' id='word_1_5' title='bbox 268 402 492 489; x_wconf 83' lang='lat' dir='ltr'>temperantia,</span> <span class='ocrx_word' id='word_1_6' title='bbox 521 424 603 486; x_wconf 90' lang='lat' dir='ltr'><strong>quae</strong></span> <span class='ocrx_word' id='word_1_7' title='bbox 626 413 751 488; x_wconf 90' lang='lat' dir='ltr'><strong>regeret</strong></span> <span class='ocrx_word' id='word_1_8' title='bbox 774 425 839 480; x_wconf 88' lang='lat' dir='ltr'><strong>eas,</strong></span> <span class='ocrx_word' id='word_1_9' title='bbox 866 422 949 486; x_wconf 90' lang='lat' dir='ltr'><strong>quae</strong></span> <span class='ocrx_word' id='word_1_10' title='bbox 972 401 1078 466; x_wconf 91' lang='lat' dir='ltr'><strong>nullae</strong></span> <span class='ocrx_word' id='word_1_11' title='bbox 1105 423 1155 466; x_wconf 88' lang='lat' dir='ltr'><strong>es·</strong></span> 
     </span>
     <span class='ocr_line' id='line_1_3' title="bbox 83 481 1154 574; baseline -0.001 -21"><span class='ocrx_word' id='word_1_12' title='bbox 83 503 147 565; x_wconf 84' lang='lat' dir='ltr'><strong>sant,</strong></span> <span class='ocrx_word' id='word_1_13' title='bbox 171 489 331 554; x_wconf 84' lang='lat' dir='ltr'>libidines:</span> <span class='ocrx_word' id='word_1_14' title='bbox 355 512 395 554; x_wconf 90' lang='lat' dir='ltr'><strong>ne</strong></span> <span class='ocrx_word' id='word_1_15' title='bbox 421 489 592 574; x_wconf 87' lang='lat' dir='ltr'><strong>prudentia</strong></span> <span class='ocrx_word' id='word_1_16' title='bbox 610 489 741 571; x_wconf 91' lang='lat' dir='ltr'><strong>quidem</strong></span> <span class='ocrx_word' id='word_1_17' title='bbox 759 509 941 572; x_wconf 80' lang='lat' dir='ltr'><strong>egeremus,</strong></span> <span class='ocrx_word' id='word_1_18' title='bbox 969 487 1056 552; x_wconf 90' lang='lat' dir='ltr'><strong>nullo</strong></span> <span class='ocrx_word' id='word_1_19' title='bbox 1075 481 1154 552; x_wconf 92' lang='lat' dir='ltr'><strong>dile·</strong></span> 
     </span>
     <span class='ocr_line' id='line_1_4' title="bbox 82 572 1154 660; baseline -0.003 -21"><span class='ocrx_word' id='word_1_20' title='bbox 82 589 121 639; x_wconf 82' lang='lat' dir='ltr'><strong>ctu</strong></span> <span class='ocrx_word' id='word_1_21' title='bbox 142 573 298 660; x_wconf 89' lang='lat' dir='ltr'><strong>proposito</strong></span> <span class='ocrx_word' id='word_1_22' title='bbox 327 574 541 640; x_wconf 86' lang='lat' dir='ltr'><strong>bonorumet</strong></span> <span class='ocrx_word' id='word_1_23' title='bbox 570 576 736 638; x_wconf 89' lang='lat' dir='ltr'><strong>malorum.</strong></span> <span class='ocrx_word' id='word_1_24' title='bbox 792 595 856 637; x_wconf 90' lang='lat' dir='ltr'><strong>una</strong></span> <span class='ocrx_word' id='word_1_25' title='bbox 887 572 986 658; x_wconf 91' lang='lat' dir='ltr'><strong>igitur</strong></span> <span class='ocrx_word' id='word_1_26' title='bbox 1012 595 1154 637; x_wconf 84' lang='lat' dir='ltr'><strong>essemus</strong></span> 
     </span>
     <span class='ocr_line' id='line_1_5' title="bbox 83 657 1156 741; baseline -0.004 -18"><span class='ocrx_word' id='word_1_27' title='bbox 83 661 147 724; x_wconf 90' lang='lat' dir='ltr'><strong>beati</strong></span> <span class='ocrx_word' id='word_1_28' title='bbox 162 659 342 725; x_wconf 70' lang='lat' dir='ltr'><strong>cocnitionc</strong></span> <span class='ocrx_word' id='word_1_29' title='bbox 359 671 492 725; x_wconf 87' lang='lat' dir='ltr'><strong>naturae</strong></span> <span class='ocrx_word' id='word_1_30' title='bbox 510 673 542 725; x_wconf 88' lang='lat' dir='ltr'><strong>et</strong></span> <span class='ocrx_word' id='word_1_31' title='bbox 564 660 712 734; x_wconf 89' lang='lat' dir='ltr'><strong>scientia,</strong></span> <span class='ocrx_word' id='word_1_32' title='bbox 736 680 800 741; x_wconf 89' lang='lat' dir='ltr'><strong>qua</strong></span> <span class='ocrx_word' id='word_1_33' title='bbox 822 659 890 723; x_wconf 91' lang='lat' dir='ltr'><strong>sola</strong></span> <span class='ocrx_word' id='word_1_34' title='bbox 907 659 1003 723; x_wconf 89' lang='lat' dir='ltr'><strong>etiam</strong></span> <span class='ocrx_word' id='word_1_35' title='bbox 1023 657 1156 721; x_wconf 90' lang='lat' dir='ltr'><strong>deorum</strong></span> 
     </span>
     <span class='ocr_line' id='line_1_6' title="bbox 80 712 1154 830; baseline -0.005 -20"><span class='ocrx_word' id='word_1_36' title='bbox 80 756 116 810; x_wconf 90' lang='lat' dir='ltr'><strong>est</strong></span> <span class='ocrx_word' id='word_1_37' title='bbox 129 745 188 809; x_wconf 86' lang='lat' dir='ltr'><strong>vita</strong></span> <span class='ocrx_word' id='word_1_38' title='bbox 197 712 376 810; x_wconf 79' lang='lat' dir='ltr'><strong>laudanda.</strong></span> <span class='ocrx_word' id='word_1_39' title='bbox 405 768 445 810; x_wconf 87' lang='lat' dir='ltr'><strong>cx</strong></span> <span class='ocrx_word' id='word_1_40' title='bbox 464 766 529 828; x_wconf 93' lang='lat' dir='ltr'><strong>quo</strong></span> <span class='ocrx_word' id='word_1_41' title='bbox 546 744 690 830; x_wconf 82' lang='lat' dir='ltr'><strong>intellegi</strong></span> <span class='ocrx_word' id='word_1_42' title='bbox 707 755 813 830; x_wconf 89' lang='lat' dir='ltr'><strong>potest</strong></span> <span class='ocrx_word' id='word_1_43' title='bbox 831 757 937 810; x_wconf 89' lang='lat' dir='ltr'><strong>cetera</strong></span> <span class='ocrx_word' id='word_1_44' title='bbox 955 741 1154 808; x_wconf 83' lang='lat' dir='ltr'><strong>necessitatis</strong></span> 
     </span>
    </p>
   </div>
   <div class='ocr_carea' id='block_1_3' title="bbox 79 831 1156 907">
    <p class='ocr_par' dir='ltr' id='par_1_3' title="bbox 79 831 1156 907">
     <span class='ocr_line' id='line_1_7' title="bbox 79 831 1156 907; baseline -0.006 -13"><span class='ocrx_word' id='word_1_45' title='bbox 79 853 140 907; x_wconf 82' lang='lat' dir='ltr'><strong>esse,</strong></span> <span class='ocrx_word' id='word_1_46' title='bbox 156 852 252 895; x_wconf 88' lang='lat' dir='ltr'><strong>unum</strong></span> <span class='ocrx_word' id='word_1_47' title='bbox 270 831 334 896; x_wconf 88' lang='lat' dir='ltr'><strong>hoc</strong></span> <span class='ocrx_word' id='word_1_48' title='bbox 351 831 533 896; x_wconf 85' lang='lat' dir='ltr'><strong>voluntatis.</strong></span> <span class='ocrx_word' id='word_1_49' title='bbox 556 835 597 890; x_wconf 88' lang='lat' dir='ltr'><strong>ita</strong></span> <span class='ocrx_word' id='word_1_50' title='bbox 608 835 656 890; x_wconf 90' lang='lat' dir='ltr'><strong>ille</strong></span> <span class='ocrx_word' id='word_1_51' title='bbox 668 840 762 888; x_wconf 86' lang='lat' dir='ltr'><strong>tantus</strong></span> <span class='ocrx_word' id='word_1_52' title='bbox 775 839 865 890; x_wconf 91' lang='lat' dir='ltr'><strong>orator</strong></span> <span class='ocrx_word' id='word_1_53' title='bbox 878 851 940 888; x_wconf 91' lang='lat' dir='ltr'><strong>cum</strong></span> <span class='ocrx_word' id='word_1_54' title='bbox 951 832 1156 905; x_wconf 79' lang='lat' dir='ltr'><strong>philosophiam</strong></span> 
     </span>
    </p>
   </div>
   <div class='ocr_carea' id='block_1_4' title="bbox 78 909 1156 1120">
    <p class='ocr_par' dir='ltr' id='par_1_4' title="bbox 78 909 1156 1120">
     <span class='ocr_line' id='line_1_8' title="bbox 78 909 1156 984; baseline -0.002 -18"><span class='ocrx_word' id='word_1_55' title='bbox 78 913 241 982; x_wconf 87' lang='lat' dir='ltr'><strong>praedicaret,</strong></span> <span class='ocrx_word' id='word_1_56' title='bbox 258 914 385 969; x_wconf 77' lang='lat' dir='ltr'><strong>recolens</strong></span> <span class='ocrx_word' id='word_1_57' title='bbox 398 929 444 982; x_wconf 89' lang='lat' dir='ltr'><strong>ea,</strong></span> <span class='ocrx_word' id='word_1_58' title='bbox 457 929 529 982; x_wconf 87' lang='lat' dir='ltr'><strong>quae</strong></span> <span class='ocrx_word' id='word_1_59' title='bbox 541 929 559 967; x_wconf 91' lang='lat' dir='ltr'><strong>a</strong></span> <span class='ocrx_word' id='word_1_60' title='bbox 570 911 742 984; x_wconf 89' lang='lat' dir='ltr'><strong>philosophis</strong></span> <span class='ocrx_word' id='word_1_61' title='bbox 754 917 914 982; x_wconf 86' lang='lat' dir='ltr'><strong>acceperat,</strong></span> <span class='ocrx_word' id='word_1_62' title='bbox 927 917 956 965; x_wconf 91' lang='lat' dir='ltr'><strong>et</strong></span> <span class='ocrx_word' id='word_1_63' title='bbox 966 909 1109 982; x_wconf 86' lang='lat' dir='ltr'><strong>praeclare</strong></span> <span class='ocrx_word' id='word_1_64' title='bbox 1122 925 1156 964; x_wconf 86' lang='lat' dir='ltr'><strong>ao</strong></span> 
     </span>
     <span class='ocr_line' id='line_1_9' title="bbox 79 979 1154 1061; baseline 0 -29"><span class='ocrx_word' id='word_1_65' title='bbox 79 980 176 1061; x_wconf 75' lang='lat' dir='ltr'><strong>smuter</strong></span> <span class='ocrx_word' id='word_1_66' title='bbox 187 982 339 1052; x_wconf 72' lang='lat' dir='ltr'><strong>explicans,</strong></span> <span class='ocrx_word' id='word_1_67' title='bbox 350 982 381 1036; x_wconf 90' lang='lat' dir='ltr'><strong>in</strong></span> <span class='ocrx_word' id='word_1_68' title='bbox 392 981 445 1036; x_wconf 90' lang='lat' dir='ltr'><strong>hae</strong></span> <span class='ocrx_word' id='word_1_69' title='bbox 456 987 566 1035; x_wconf 86' lang='lat' dir='ltr'><strong>tantum</strong></span> <span class='ocrx_word' id='word_1_70' title='bbox 576 980 648 1049; x_wconf 86' lang='lat' dir='ltr'><strong>vita,</strong></span> <span class='ocrx_word' id='word_1_71' title='bbox 661 997 745 1061; x_wconf 81' lang='lat' dir='ltr'><strong>quam</strong></span> <span class='ocrx_word' id='word_1_72' title='bbox 755 980 880 1036; x_wconf 88' lang='lat' dir='ltr'><strong>videmus</strong></span> <span class='ocrx_word' id='word_1_73' title='bbox 892 979 1029 1034; x_wconf 86' lang='lat' dir='ltr'><strong>aerumnis</strong></span> <span class='ocrx_word' id='word_1_74' title='bbox 1043 983 1070 1034; x_wconf 88' lang='lat' dir='ltr'><strong>ct</strong></span> <span class='ocrx_word' id='word_1_75' title='bbox 1082 995 1154 1032; x_wconf 86' lang='lat' dir='ltr'><strong>erro·</strong></span> 
     </span>
     <span class='ocr_line' id='line_1_10' title="bbox 79 1048 1154 1120; baseline -0.001 -19"><span class='ocrx_word' id='word_1_76' title='bbox 79 1050 266 1120; x_wconf 86' lang='lat' dir='ltr'><strong>nbnsplenam‚</strong></span> <span class='ocrx_word' id='word_1_77' title='bbox 284 1067 379 1106; x_wconf 88' lang='lat' dir='ltr'><strong>omnes</strong></span> <span class='ocrx_word' id='word_1_78' title='bbox 416 1055 526 1104; x_wconf 66' lang='lat' dir='ltr'><strong>uanuor</strong></span> <span class='ocrx_word' id='word_1_79' title='bbox 541 1065 711 1104; x_wconf 74' lang='lat' dir='ltr'><strong>necessarias</strong></span> <span class='ocrx_word' id='word_1_80' title='bbox 729 1048 798 1102; x_wconf 87' lang='lat' dir='ltr'><strong>dixit</strong></span> <span class='ocrx_word' id='word_1_81' title='bbox 810 1064 870 1102; x_wconf 89' lang='lat' dir='ltr'><strong>esse</strong></span> <span class='ocrx_word' id='word_1_82' title='bbox 881 1048 1005 1102; x_wconf 83' lang='lat' dir='ltr'><strong>virtutes.</strong></span> <span class='ocrx_word' id='word_1_83' title='bbox 1041 1049 1154 1118; x_wconf 82' lang='lat' dir='ltr'><strong>Augu-</strong></span> 
     </span>
    </p>
   </div>
   <div class='ocr_carea' id='block_1_5' title="bbox 75 1118 1157 2213">
    <p class='ocr_par' dir='ltr' id='par_1_5' title="bbox 77 1118 455 1188">
     <span class='ocr_line' id='line_1_11' title="bbox 77 1118 455 1188; baseline 0.011 -19"><span class='ocrx_word' id='word_1_84' title='bbox 77 1118 324 1174; x_wconf 82' lang='lat' dir='ltr'><strong>stinnsdeTn&#39;nit.</strong></span> <span class='ocrx_word' id='word_1_85' title='bbox 410 1119 455 1188; x_wconf 82' lang='lat'><strong>,9.</strong></span> 
     </span>
    </p>

    <p class='ocr_par' dir='ltr' id='par_1_6' title="bbox 77 1195 1155 1438">
     <span class='ocr_line' id='line_1_12' title="bbox 124 1195 1155 1276; baseline -0.003 -15"><span class='ocrx_word' id='word_1_86' title='bbox 124 1199 171 1262; x_wconf 88' lang='grc'><strong>41.</strong></span> <span class='ocrx_word' id='word_1_87' title='bbox 192 1215 304 1276; x_wconf 88' lang='lat' dir='ltr'><strong>capere,</strong></span> <span class='ocrx_word' id='word_1_88' title='bbox 327 1205 463 1276; x_wconf 87' lang='lat' dir='ltr'><strong>accipere.</strong></span> <span class='ocrx_word' id='word_1_89' title='bbox 509 1203 547 1258; x_wconf 88' lang='grc' dir='ltr'><strong>Μ.</strong></span> <span class='ocrx_word' id='word_1_90' title='bbox 570 1202 680 1256; x_wconf 85' lang='lat' dir='ltr'><strong>Tullius</strong></span> <span class='ocrx_word' id='word_1_91' title='bbox 700 1202 730 1256; x_wconf 91' lang='lat' dir='ltr'><strong>in</strong></span> <span class='ocrx_word' id='word_1_92' title='bbox 750 1201 912 1258; x_wconf 84' lang='lat' dir='ltr'><strong>Hortensio:</strong></span> <span class='ocrx_word' id='word_1_93' title='bbox 938 1195 1052 1260; x_wconf 91' lang='lat' dir='ltr'><strong>deinde</strong></span> <span class='ocrx_word' id='word_1_94' title='bbox 1079 1195 1155 1258; x_wconf 92' lang='lat' dir='ltr'><strong>boni</strong></span> 
     </span>
     <span class='ocr_line' id='line_1_13' title="bbox 77 1281 1153 1422; baseline -0.003 -76"><span class='ocrx_word' id='word_1_95' title='bbox 77 1304 160 1418; x_wconf 69' lang='lat' dir='ltr'><strong>peres</strong></span> <span class='ocrx_word' id='word_1_96' title='bbox 185 1296 217 1349; x_wconf 90' lang='lat' dir='ltr'><strong>et</strong></span> <span class='ocrx_word' id='word_1_97' title='bbox 232 1285 454 1422; x_wconf 68' lang='lat' dir='ltr'><strong>2rppdestiores</strong></span> <span class='ocrx_word' id='word_1_98' title='bbox 482 1297 514 1349; x_wconf 91' lang='lat' dir='ltr'><strong>et</strong></span> <span class='ocrx_word' id='word_1_99' title='bbox 541 1283 583 1347; x_wconf 89' lang='lat' dir='ltr'><strong>ad</strong></span> <span class='ocrx_word' id='word_1_100' title='bbox 610 1281 765 1367; x_wconf 88' lang='lat' dir='ltr'><strong>capienda</strong></span> <span class='ocrx_word' id='word_1_101' title='bbox 792 1292 963 1366; x_wconf 89' lang='lat' dir='ltr'><strong>praecepta</strong></span> <span class='ocrx_word' id='word_1_102' title='bbox 985 1281 1153 1344; x_wconf 87' lang='lat' dir='ltr'><strong>molliores.</strong></span> 
     </span>
     <span class='ocr_line' id='line_1_14' title="bbox 77 1381 342 1438; baseline 0.023 -22"><span class='ocrx_word' id='word_1_103' title='bbox 77 1381 181 1420; x_wconf 67' lang='lat' dir='ltr'><strong>‚curus</strong></span> <span class='ocrx_word' id='word_1_104' title='bbox 193 1385 220 1438; x_wconf 92' lang='lat' dir='ltr'><strong>p.</strong></span> <span class='ocrx_word' id='word_1_105' title='bbox 300 1385 342 1438; x_wconf 86' lang='lat' dir='ltr'><strong>sq.</strong></span> 
     </span>
    </p>

    <p class='ocr_par' dir='ltr' id='par_1_7' title="bbox 75 1446 1156 1696">
     <span class='ocr_line' id='line_1_15' title="bbox 124 1446 1155 1524; baseline -0.013 -13"><span class='ocrx_word' id='word_1_106' title='bbox 124 1447 171 1511; x_wconf 81' lang='grc'><strong>42.</strong></span> <span class='ocrx_word' id='word_1_107' title='bbox 190 1458 288 1524; x_wconf 88' lang='lat' dir='ltr'><strong>aptum</strong></span> <span class='ocrx_word' id='word_1_108' title='bbox 301 1484 328 1495; x_wconf 91' lang='lat'><strong>--</strong></span> <span class='ocrx_word' id='word_1_109' title='bbox 342 1469 475 1508; x_wconf 89' lang='lat' dir='ltr'><strong>conexum</strong></span> <span class='ocrx_word' id='word_1_110' title='bbox 487 1457 516 1507; x_wconf 90' lang='lat' dir='ltr'><strong>et</strong></span> <span class='ocrx_word' id='word_1_111' title='bbox 527 1451 690 1523; x_wconf 88' lang='lat' dir='ltr'><strong>colligatum</strong></span> <span class='ocrx_word' id='word_1_112' title='bbox 701 1447 850 1522; x_wconf 87' lang='lat' dir='ltr'><strong>significat.</strong></span> <span class='ocrx_word' id='word_1_113' title='bbox 875 1447 914 1501; x_wconf 92' lang='lat' dir='ltr'><strong>M.</strong></span> <span class='ocrx_word' id='word_1_114' title='bbox 925 1447 1034 1502; x_wconf 71' lang='lat' dir='ltr'><strong>&#39;Iullins</strong></span> <span class='ocrx_word' id='word_1_115' title='bbox 1045 1447 1075 1501; x_wconf 90' lang='lat' dir='ltr'><strong>in</strong></span> <span class='ocrx_word' id='word_1_116' title='bbox 1084 1446 1155 1500; x_wconf 91' lang='lat' dir='ltr'><strong>Hor-</strong></span> 
     </span>
     <span class='ocr_line' id='line_1_16' title="bbox 75 1530 1156 1618; baseline 0.004 -31"><span class='ocrx_word' id='word_1_117' title='bbox 75 1535 156 1590; x_wconf 83' lang='lat' dir='ltr'><strong>tensio:</strong></span> <span class='ocrx_word' id='word_1_118' title='bbox 167 1534 266 1598; x_wconf 85' lang='lat' dir='ltr'><strong>altera</strong></span> <span class='ocrx_word' id='word_1_119' title='bbox 285 1546 335 1600; x_wconf 90' lang='lat' dir='ltr'><strong>est</strong></span> <span class='ocrx_word' id='word_1_120' title='bbox 353 1556 436 1598; x_wconf 85' lang='lat' dir='ltr'><strong>nexa</strong></span> <span class='ocrx_word' id='word_1_121' title='bbox 455 1555 529 1598; x_wconf 93' lang='lat' dir='ltr'><strong>cum</strong></span> <span class='ocrx_word' id='word_1_122' title='bbox 550 1531 712 1618; x_wconf 86' lang='lat' dir='ltr'><strong>superiore</strong></span> <span class='ocrx_word' id='word_1_123' title='bbox 731 1544 762 1595; x_wconf 90' lang='lat' dir='ltr'><strong>et</strong></span> <span class='ocrx_word' id='word_1_124' title='bbox 779 1530 854 1594; x_wconf 90' lang='lat' dir='ltr'><strong>inde</strong></span> <span class='ocrx_word' id='word_1_125' title='bbox 872 1542 947 1613; x_wconf 87' lang='lat' dir='ltr'><strong>apta</strong></span> <span class='ocrx_word' id='word_1_126' title='bbox 965 1541 1060 1612; x_wconf 87' lang='lat' dir='ltr'><strong>atque</strong></span> <span class='ocrx_word' id='word_1_127' title='bbox 1077 1549 1156 1613; x_wconf 89' lang='lat' dir='ltr'><strong>pen·</strong></span> 
     </span>
     <span class='ocr_line' id='line_1_17' title="bbox 77 1615 427 1696; baseline 0.009 -20"><span class='ocrx_word' id='word_1_128' title='bbox 77 1615 146 1681; x_wconf 87' lang='lat' dir='ltr'><strong>dens.</strong></span> <span class='ocrx_word' id='word_1_129' title='bbox 162 1624 255 1679; x_wconf 89' lang='lat' dir='ltr'><strong>Idem</strong></span> <span class='ocrx_word' id='word_1_130' title='bbox 265 1643 296 1696; x_wconf 89' lang='lat' dir='ltr'><strong>p.</strong></span> <span class='ocrx_word' id='word_1_131' title='bbox 309 1625 371 1694; x_wconf 82' lang='lat'><strong>235,</strong></span> <span class='ocrx_word' id='word_1_132' title='bbox 385 1625 427 1679; x_wconf 84' lang='grc'><strong>18.</strong></span> 
     </span>
    </p>

    <p class='ocr_par' dir='ltr' id='par_1_8' title="bbox 158 1699 859 1774">
     <span class='ocr_line' id='line_1_18' title="bbox 158 1699 859 1774; baseline -0.006 -19"><span class='ocrx_word' id='word_1_133' title='bbox 158 1713 219 1772; x_wconf 84' lang='lat' dir='ltr'><strong>opto</strong></span> <span class='ocrx_word' id='word_1_134' title='bbox 230 1713 310 1774; x_wconf 84' lang='lat' dir='ltr'><strong>atque</strong></span> <span class='ocrx_word' id='word_1_135' title='bbox 321 1701 420 1757; x_wconf 84' lang='lat' dir='ltr'><strong>Halm:</strong></span> <span class='ocrx_word' id='word_1_136' title='bbox 433 1713 561 1774; x_wconf 76' lang='lat' dir='ltr'><strong>aptasque</strong></span> <span class='ocrx_word' id='word_1_137' title='bbox 573 1701 784 1771; x_wconf 79' lang='lat' dir='ltr'><strong>codd.‚&#39;apteque</strong></span> <span class='ocrx_word' id='word_1_138' title='bbox 797 1699 859 1755; x_wconf 85' lang='lat' dir='ltr'><strong>edd.</strong></span> 
     </span>
    </p>

    <p class='ocr_par' dir='ltr' id='par_1_9' title="bbox 77 1785 1156 2048">
     <span class='ocr_line' id='line_1_19' title="bbox 124 1785 1156 1870; baseline -0.006 -16"><span class='ocrx_word' id='word_1_139' title='bbox 124 1788 172 1854; x_wconf 84' lang='lat'><strong>43.</strong></span> <span class='ocrx_word' id='word_1_140' title='bbox 191 1802 319 1868; x_wconf 83' lang='lat' dir='ltr'><strong>spectare</strong></span> <span class='ocrx_word' id='word_1_141' title='bbox 336 1802 379 1853; x_wconf 89' lang='lat' dir='ltr'><strong>est</strong></span> <span class='ocrx_word' id='word_1_142' title='bbox 393 1797 498 1852; x_wconf 80' lang='lat' dir='ltr'><strong>vidore.</strong></span> <span class='ocrx_word' id='word_1_143' title='bbox 534 1796 573 1851; x_wconf 88' lang='lat' dir='ltr'><strong>M.</strong></span> <span class='ocrx_word' id='word_1_144' title='bbox 586 1796 696 1850; x_wconf 86' lang='lat' dir='ltr'><strong>Tullius</strong></span> <span class='ocrx_word' id='word_1_145' title='bbox 711 1795 742 1850; x_wconf 92' lang='lat' dir='ltr'><strong>in</strong></span> <span class='ocrx_word' id='word_1_146' title='bbox 759 1793 921 1850; x_wconf 83' lang='lat' dir='ltr'><strong>Hortensio:</strong></span> <span class='ocrx_word' id='word_1_147' title='bbox 946 1785 1026 1852; x_wconf 83' lang='lat' dir='ltr'><strong>caeli</strong></span> <span class='ocrx_word' id='word_1_148' title='bbox 1049 1786 1156 1870; x_wconf 86' lang='lat' dir='ltr'><strong>signo·</strong></span> 
     </span>
     <span class='ocr_line' id='line_1_20' title="bbox 77 1870 1153 1960; baseline -0.005 -23"><span class='ocrx_word' id='word_1_149' title='bbox 77 1893 132 1937; x_wconf 84' lang='lat' dir='ltr'><strong>rum</strong></span> <span class='ocrx_word' id='word_1_150' title='bbox 154 1875 374 1944; x_wconf 78' lang='lat' dir='ltr'><strong>admirabilem</strong></span> <span class='ocrx_word' id='word_1_151' title='bbox 400 1877 546 1942; x_wconf 89' lang='lat' dir='ltr'><strong>ordinem</strong></span> <span class='ocrx_word' id='word_1_152' title='bbox 576 1875 853 1958; x_wconf 85' lang='lat' dir='ltr'><strong>insatiabilemque</strong></span> <span class='ocrx_word' id='word_1_153' title='bbox 885 1870 1153 1960; x_wconf 86' lang='lat' dir='ltr'><strong>pulchritudinem</strong></span> 
     </span>
     <span class='ocr_line' id='line_1_21' title="bbox 79 1959 606 2048; baseline -0.004 -24"><span class='ocrx_word' id='word_1_154' title='bbox 79 1959 158 2044; x_wconf 75' lang='lat' dir='ltr'><strong>magle</strong></span> <span class='ocrx_word' id='word_1_155' title='bbox 175 1973 309 2048; x_wconf 83' lang='lat' dir='ltr'><strong>spectat.</strong></span> <span class='ocrx_word' id='word_1_156' title='bbox 345 1969 439 2024; x_wconf 88' lang='lat' dir='ltr'><strong>Idem</strong></span> <span class='ocrx_word' id='word_1_157' title='bbox 449 1987 478 2040; x_wconf 92' lang='lat' dir='ltr'><strong>p.</strong></span> <span class='ocrx_word' id='word_1_158' title='bbox 491 1967 551 2038; x_wconf 75' lang='lat'>402,</span> <span class='ocrx_word' id='word_1_159' title='bbox 564 1969 606 2023; x_wconf 84' lang='lat'><strong>15.</strong></span> 
     </span>
    </p>

    <p class='ocr_par' dir='ltr' id='par_1_10' title="bbox 77 2045 1157 2213">
     <span class='ocr_line' id='line_1_22' title="bbox 124 2045 1157 2128; baseline -0.009 -19"><span class='ocrx_word' id='word_1_160' title='bbox 124 2045 170 2110; x_wconf 92' lang='lat'><strong>44.</strong></span> <span class='ocrx_word' id='word_1_161' title='bbox 189 2053 219 2108; x_wconf 88' lang='lat' dir='ltr'><strong>in</strong></span> <span class='ocrx_word' id='word_1_162' title='bbox 230 2055 384 2110; x_wconf 89' lang='lat' dir='ltr'><strong>Hortensio</strong></span> <span class='ocrx_word' id='word_1_163' title='bbox 396 2056 508 2128; x_wconf 79' lang='lat' dir='ltr'><strong>dialogo</strong></span> <span class='ocrx_word' id='word_1_164' title='bbox 520 2053 647 2125; x_wconf 79' lang='lat' dir='ltr'><strong>(Cicero),</strong></span> <span class='ocrx_word' id='word_1_165' title='bbox 666 2072 727 2110; x_wconf 90' lang='lat' dir='ltr'><strong>cnm</strong></span> <span class='ocrx_word' id='word_1_166' title='bbox 740 2054 775 2108; x_wconf 89' lang='lat' dir='ltr'><strong>de</strong></span> <span class='ocrx_word' id='word_1_167' title='bbox 792 2053 856 2108; x_wconf 87' lang='lat' dir='ltr'><strong>solis</strong></span> <span class='ocrx_word' id='word_1_168' title='bbox 869 2049 1009 2106; x_wconf 88' lang='lat' dir='ltr'><strong>canonicis</strong></span> <span class='ocrx_word' id='word_1_169' title='bbox 1026 2047 1157 2103; x_wconf 81' lang='lat' dir='ltr'><strong>defectio-</strong></span> 
     </span>
     <span class='ocr_line' id='line_1_23' title="bbox 77 2127 1157 2213; baseline 0.006 -28"><span class='ocrx_word' id='word_1_170' title='bbox 77 2133 314 2210; x_wconf 86' lang='lat' dir='ltr'><strong>nibnsloqneretur‚</strong></span> <span class='ocrx_word' id='word_1_171' title='bbox 332 2146 368 2200; x_wconf 90' lang='lat' dir='ltr'><strong>ut</strong></span> <span class='ocrx_word' id='word_1_172' title='bbox 390 2137 521 2202; x_wconf 90' lang='lat' dir='ltr'><strong>easdem</strong></span> <span class='ocrx_word' id='word_1_173' title='bbox 539 2141 631 2212; x_wconf 88' lang='lat' dir='ltr'><strong>inquit</strong></span> <span class='ocrx_word' id='word_1_174' title='bbox 648 2135 795 2201; x_wconf 90' lang='lat' dir='ltr'><strong>tenebras</strong></span> <span class='ocrx_word' id='word_1_175' title='bbox 819 2132 938 2198; x_wconf 89' lang='lat' dir='ltr'><strong>efficiat</strong></span> <span class='ocrx_word' id='word_1_176' title='bbox 960 2127 1052 2213; x_wconf 76' lang='lat' dir='ltr'><strong>(sol),</strong></span> <span class='ocrx_word' id='word_1_177' title='bbox 1076 2149 1157 2212; x_wconf 89' lang='lat' dir='ltr'><strong>quas</strong></span> 
     </span>
    </p>
   </div>
   <div class='ocr_carea' id='block_1_6' title="bbox 78 2211 1155 2375">
    <p class='ocr_par' dir='ltr' id='par_1_11' title="bbox 78 2211 1155 2375">
     <span class='ocr_line' id='line_1_24' title="bbox 78 2211 1155 2306; baseline 0.001 -30"><span class='ocrx_word' id='word_1_178' title='bbox 78 2211 162 2281; x_wconf 84' lang='lat' dir='ltr'><strong>effecit</strong></span> <span class='ocrx_word' id='word_1_179' title='bbox 173 2219 207 2283; x_wconf 90' lang='lat' dir='ltr'><strong>in</strong></span> <span class='ocrx_word' id='word_1_180' title='bbox 219 2220 353 2286; x_wconf 87' lang='lat' dir='ltr'><strong>interitu</strong></span> <span class='ocrx_word' id='word_1_181' title='bbox 367 2221 507 2299; x_wconf 87' lang='lat' dir='ltr'><strong>Romuli,</strong></span> <span class='ocrx_word' id='word_1_182' title='bbox 526 2223 583 2306; x_wconf 88' lang='lat' dir='ltr'><strong>qui</strong></span> <span class='ocrx_word' id='word_1_183' title='bbox 600 2224 635 2286; x_wconf 94' lang='lat' dir='ltr'><strong>in</strong></span> <span class='ocrx_word' id='word_1_184' title='bbox 650 2219 873 2286; x_wconf 80' lang='lat' dir='ltr'><strong>obscuratione</strong></span> <span class='ocrx_word' id='word_1_185' title='bbox 886 2216 961 2282; x_wconf 90' lang='lat' dir='ltr'><strong>solis</strong></span> <span class='ocrx_word' id='word_1_186' title='bbox 977 2227 1025 2280; x_wconf 91' lang='lat' dir='ltr'><strong>est</strong></span> <span class='ocrx_word' id='word_1_187' title='bbox 1043 2215 1155 2280; x_wconf 87' lang='lat' dir='ltr'><strong>factus.</strong></span> 
     </span>
     <span class='ocr_line' id='line_1_25' title="bbox 78 2296 622 2375; baseline 0.013 -22"><span class='ocrx_word' id='word_1_188' title='bbox 78 2296 263 2368; x_wconf 75' lang='lat' dir='ltr'><strong>Augustinus</strong></span> <span class='ocrx_word' id='word_1_189' title='bbox 277 2304 314 2358; x_wconf 89' lang='lat' dir='ltr'><strong>de</strong></span> <span class='ocrx_word' id='word_1_190' title='bbox 327 2303 402 2359; x_wconf 87' lang='lat' dir='ltr'><strong>civit.</strong></span> <span class='ocrx_word' id='word_1_191' title='bbox 416 2303 462 2360; x_wconf 90' lang='lat' dir='ltr'><strong>dei</strong></span> <span class='ocrx_word' id='word_1_192' title='bbox 474 2305 528 2375; x_wconf 91' lang='lat'>111,</span> <span class='ocrx_word' id='word_1_193' title='bbox 542 2306 584 2374; x_wconf 81' lang='lat'><strong>15,</strong></span> <span class='ocrx_word' id='word_1_194' title='bbox 598 2308 622 2359; x_wconf 90' lang='grc'><strong>1.</strong></span> 
     </span>
    </p>
   </div>
   <div class='ocr_carea' id='block_1_7' title="bbox 78 2377 1159 2975">
    <p class='ocr_par' dir='ltr' id='par_1_12' title="bbox 78 2377 1158 2636">
     <span class='ocr_line' id='line_1_26' title="bbox 126 2377 1158 2463; baseline -0.011 -19"><span class='ocrx_word' id='word_1_195' title='bbox 126 2377 172 2444; x_wconf 77' lang='grc'><strong>45.</strong></span> <span class='ocrx_word' id='word_1_196' title='bbox 190 2388 321 2461; x_wconf 80' lang='lat' dir='ltr'><strong>increpat</strong></span> <span class='ocrx_word' id='word_1_197' title='bbox 333 2395 362 2445; x_wconf 90' lang='lat' dir='ltr'><strong>et</strong></span> <span class='ocrx_word' id='word_1_198' title='bbox 376 2389 527 2463; x_wconf 86' lang='lat' dir='ltr'><strong>increpitat</strong></span> <span class='ocrx_word' id='word_1_199' title='bbox 542 2392 623 2462; x_wconf 90' lang='lat' dir='ltr'><strong>paria</strong></span> <span class='ocrx_word' id='word_1_200' title='bbox 636 2393 741 2444; x_wconf 89' lang='lat' dir='ltr'><strong>suntet</strong></span> <span class='ocrx_word' id='word_1_201' title='bbox 754 2393 797 2442; x_wconf 91' lang='lat' dir='ltr'><strong>est</strong></span> <span class='ocrx_word' id='word_1_202' title='bbox 812 2391 861 2441; x_wconf 88' lang='lat' dir='ltr'><strong>aut</strong></span> <span class='ocrx_word' id='word_1_203' title='bbox 875 2384 1003 2438; x_wconf 85' lang='lat' dir='ltr'><strong>incusare</strong></span> <span class='ocrx_word' id='word_1_204' title='bbox 1015 2385 1064 2436; x_wconf 89' lang='lat' dir='ltr'><strong>aut</strong></span> <span class='ocrx_word' id='word_1_205' title='bbox 1074 2381 1158 2434; x_wconf 88' lang='lat' dir='ltr'><strong>insul-</strong></span> 
     </span>
     <span class='ocr_line' id='line_1_27' title="bbox 78 2462 1158 2554; baseline -0.004 -28"><span class='ocrx_word' id='word_1_206' title='bbox 78 2469 129 2521; x_wconf 79' lang='lat' dir='ltr'><strong>tare.</strong></span> <span class='ocrx_word' id='word_1_207' title='bbox 159 2469 196 2525; x_wconf 89' lang='grc' dir='ltr'><strong>Μ.</strong></span> <span class='ocrx_word' id='word_1_208' title='bbox 213 2473 325 2529; x_wconf 77' lang='grc' dir='ltr'><strong>ΤιΜίιιε</strong></span> <span class='ocrx_word' id='word_1_209' title='bbox 345 2475 375 2530; x_wconf 90' lang='lat' dir='ltr'><strong>in</strong></span> <span class='ocrx_word' id='word_1_210' title='bbox 391 2475 552 2532; x_wconf 89' lang='lat' dir='ltr'><strong>Hortensio:</strong></span> <span class='ocrx_word' id='word_1_211' title='bbox 577 2482 653 2536; x_wconf 90' lang='lat' dir='ltr'><strong>tune</strong></span> <span class='ocrx_word' id='word_1_212' title='bbox 671 2467 912 2554; x_wconf 89' lang='lat' dir='ltr'><strong>pseudomenon</strong></span> <span class='ocrx_word' id='word_1_213' title='bbox 930 2474 962 2528; x_wconf 89' lang='lat' dir='ltr'><strong>et</strong></span> <span class='ocrx_word' id='word_1_214' title='bbox 980 2462 1109 2525; x_wconf 89' lang='lat' dir='ltr'><strong>seritam</strong></span> <span class='ocrx_word' id='word_1_215' title='bbox 1127 2473 1158 2524; x_wconf 90' lang='lat' dir='ltr'><strong>et</strong></span> 
     </span>
     <span class='ocr_line' id='line_1_28' title="bbox 78 2551 1157 2636; baseline -0.008 -24"><span class='ocrx_word' id='word_1_216' title='bbox 78 2557 158 2613; x_wconf 83' lang='lat' dir='ltr'><strong>tetam</strong></span> <span class='ocrx_word' id='word_1_217' title='bbox 174 2552 374 2620; x_wconf 86' lang='lat' dir='ltr'><strong>dialecticam</strong></span> <span class='ocrx_word' id='word_1_218' title='bbox 393 2567 449 2620; x_wconf 90' lang='lat' dir='ltr'><strong>aut</strong></span> <span class='ocrx_word' id='word_1_219' title='bbox 466 2555 572 2620; x_wconf 89' lang='lat' dir='ltr'><strong>illudis</strong></span> <span class='ocrx_word' id='word_1_220' title='bbox 592 2566 648 2620; x_wconf 91' lang='lat' dir='ltr'><strong>aut</strong></span> <span class='ocrx_word' id='word_1_221' title='bbox 664 2551 829 2636; x_wconf 75' lang='lat' dir='ltr'><strong>inerepas?</strong></span> <span class='ocrx_word' id='word_1_222' title='bbox 873 2552 1039 2622; x_wconf 85' lang='lat' dir='ltr'><strong>Noninsp.</strong></span> <span class='ocrx_word' id='word_1_223' title='bbox 1050 2551 1157 2618; x_wconf 72' lang='grc'><strong>349,19.</strong></span> 
     </span>
    </p>

    <p class='ocr_par' dir='ltr' id='par_1_13' title="bbox 79 2633 1159 2897">
     <span class='ocr_line' id='line_1_29' title="bbox 127 2633 1159 2718; baseline -0.006 -19"><span class='ocrx_word' id='word_1_224' title='bbox 127 2635 173 2700; x_wconf 88' lang='grc'><strong>46.</strong></span> <span class='ocrx_word' id='word_1_225' title='bbox 194 2662 334 2716; x_wconf 81' lang='lat' dir='ltr'><strong>pressum,</strong></span> <span class='ocrx_word' id='word_1_226' title='bbox 347 2647 456 2702; x_wconf 85' lang='lat' dir='ltr'><strong>subtile.</strong></span> <span class='ocrx_word' id='word_1_227' title='bbox 484 2646 522 2701; x_wconf 88' lang='grc' dir='ltr'><strong>Μ.</strong></span> <span class='ocrx_word' id='word_1_228' title='bbox 536 2645 647 2701; x_wconf 86' lang='lat' dir='ltr'><strong>Tullius</strong></span> <span class='ocrx_word' id='word_1_229' title='bbox 662 2644 694 2698; x_wconf 94' lang='lat' dir='ltr'><strong>in</strong></span> <span class='ocrx_word' id='word_1_230' title='bbox 705 2639 867 2697; x_wconf 86' lang='lat' dir='ltr'><strong>Hortensio:</strong></span> <span class='ocrx_word' id='word_1_231' title='bbox 889 2633 960 2718; x_wconf 86' lang='lat' dir='ltr'><strong>quis</strong></span> <span class='ocrx_word' id='word_1_232' title='bbox 978 2643 1009 2697; x_wconf 84' lang='lat' dir='ltr'><strong>te</strong></span> <span class='ocrx_word' id='word_1_233' title='bbox 1033 2641 1088 2696; x_wconf 86' lang='lat' dir='ltr'><strong>aut</strong></span> <span class='ocrx_word' id='word_1_234' title='bbox 1111 2642 1159 2695; x_wconf 87' lang='lat' dir='ltr'><strong>est</strong></span> 
     </span>
     <span class='ocr_line' id='line_1_30' title="bbox 79 2716 1158 2812; baseline -0.003 -29"><span class='ocrx_word' id='word_1_235' title='bbox 79 2729 121 2783; x_wconf 77' lang='lat' dir='ltr'><strong>aut</strong></span> <span class='ocrx_word' id='word_1_236' title='bbox 139 2721 195 2788; x_wconf 83' lang='lat' dir='ltr'><strong>fuit</strong></span> <span class='ocrx_word' id='word_1_237' title='bbox 216 2747 372 2809; x_wconf 88' lang='lat' dir='ltr'><strong>umquam</strong></span> <span class='ocrx_word' id='word_1_238' title='bbox 395 2727 429 2792; x_wconf 92' lang='lat' dir='ltr'><strong>in</strong></span> <span class='ocrx_word' id='word_1_239' title='bbox 451 2724 630 2812; x_wconf 89' lang='lat' dir='ltr'><strong>partiundis</strong></span> <span class='ocrx_word' id='word_1_240' title='bbox 652 2723 765 2800; x_wconf 89' lang='lat' dir='ltr'><strong>rebus,</strong></span> <span class='ocrx_word' id='word_1_241' title='bbox 782 2721 817 2785; x_wconf 92' lang='lat' dir='ltr'><strong>in</strong></span> <span class='ocrx_word' id='word_1_242' title='bbox 835 2718 1033 2795; x_wconf 87' lang='lat' dir='ltr'><strong>definiendis,</strong></span> <span class='ocrx_word' id='word_1_243' title='bbox 1051 2716 1085 2781; x_wconf 92' lang='lat' dir='ltr'><strong>in</strong></span> <span class='ocrx_word' id='word_1_244' title='bbox 1103 2739 1158 2782; x_wconf 89' lang='lat' dir='ltr'><strong>ex-</strong></span> 
     </span>
     <span class='ocr_line' id='line_1_31' title="bbox 79 2803 684 2897; baseline -0.007 -24"><span class='ocrx_word' id='word_1_245' title='bbox 79 2803 210 2884; x_wconf 84' lang='lat' dir='ltr'><strong>plicandis</strong></span> <span class='ocrx_word' id='word_1_246' title='bbox 227 2812 388 2897; x_wconf 87' lang='lat' dir='ltr'><strong>pressior?</strong></span> <span class='ocrx_word' id='word_1_247' title='bbox 421 2817 516 2872; x_wconf 85' lang='lat' dir='ltr'><strong>Idem</strong></span> <span class='ocrx_word' id='word_1_248' title='bbox 525 2835 554 2890; x_wconf 88' lang='lat' dir='ltr'><strong>p.</strong></span> <span class='ocrx_word' id='word_1_249' title='bbox 567 2815 628 2886; x_wconf 81' lang='lat'>364,</span> <span class='ocrx_word' id='word_1_250' title='bbox 641 2815 684 2869; x_wconf 79' lang='lat'><strong>22.</strong></span> 
     </span>
    </p>

    <p class='ocr_par' dir='ltr' id='par_1_14' title="bbox 127 2891 1159 2975">
     <span class='ocr_line' id='line_1_32' title="bbox 127 2891 1159 2975; baseline -0.008 -19"><span class='ocrx_word' id='word_1_251' title='bbox 127 2891 175 2958; x_wconf 79' lang='grc'><strong>47.</strong></span> <span class='ocrx_word' id='word_1_252' title='bbox 194 2903 265 2958; x_wconf 88' lang='lat' dir='ltr'><strong>nihil</strong></span> <span class='ocrx_word' id='word_1_253' title='bbox 277 2907 336 2960; x_wconf 85' lang='lat' dir='ltr'><strong>tam</strong></span> <span class='ocrx_word' id='word_1_254' title='bbox 350 2903 525 2975; x_wconf 85' lang='lat' dir='ltr'><strong>praeclarum</strong></span> <span class='ocrx_word' id='word_1_255' title='bbox 540 2901 701 2973; x_wconf 87' lang='lat' dir='ltr'><strong>hominique</strong></span> <span class='ocrx_word' id='word_1_256' title='bbox 718 2898 882 2956; x_wconf 83' lang='lat' dir='ltr'><strong>conveniens</strong></span> <span class='ocrx_word' id='word_1_257' title='bbox 898 2900 1063 2968; x_wconf 86' lang='lat' dir='ltr'><strong>potestesse</strong></span> <span class='ocrx_word' id='word_1_258' title='bbox 1076 2911 1159 2964; x_wconf 89' lang='lat' dir='ltr'><strong>quam</strong></span> 
     </span>
    </p>
   </div>
   <div class='ocr_carea' id='block_1_8' title="bbox 79 2972 1159 3127">
    <p class='ocr_par' dir='ltr' id='par_1_15' title="bbox 79 2972 1159 3127">
     <span class='ocr_line' id='line_1_33' title="bbox 79 2972 1159 3035; baseline 0.003 -14"><span class='ocrx_word' id='word_1_259' title='bbox 79 2973 169 3030; x_wconf 85' lang='lat' dir='ltr'><strong>erudire</strong></span> <span class='ocrx_word' id='word_1_260' title='bbox 182 2977 330 3034; x_wconf 87' lang='lat' dir='ltr'><strong>hominem</strong></span> <span class='ocrx_word' id='word_1_261' title='bbox 339 2981 376 3034; x_wconf 88' lang='lat' dir='ltr'><strong>ad</strong></span> <span class='ocrx_word' id='word_1_262' title='bbox 393 2981 534 3035; x_wconf 89' lang='lat' dir='ltr'><strong>iustitiam.</strong></span> <span class='ocrx_word' id='word_1_263' title='bbox 564 2997 581 3034; x_wconf 88' lang='lat' dir='ltr'><strong>a</strong></span> <span class='ocrx_word' id='word_1_264' title='bbox 601 2979 640 3033; x_wconf 89' lang='lat' dir='ltr'><strong>ud</strong></span> <span class='ocrx_word' id='word_1_265' title='bbox 656 2977 818 3032; x_wconf 76' lang='lat' dir='ltr'><strong>Ciceronem</strong></span> <span class='ocrx_word' id='word_1_266' title='bbox 834 2973 949 3030; x_wconf 83' lang='lat' dir='ltr'><strong>Catulus</strong></span> <span class='ocrx_word' id='word_1_267' title='bbox 965 2974 995 3027; x_wconf 90' lang='lat' dir='ltr'><strong>in</strong></span> <span class='ocrx_word' id='word_1_268' title='bbox 1010 2972 1159 3026; x_wconf 87' lang='lat' dir='ltr'><strong>Hortensio</strong></span> 
     </span>
     <span class='ocr_line' id='line_1_34' title="bbox 79 2997 1159 3127; baseline -0.012 -22"><span class='ocrx_word' id='word_1_269' title='bbox 79 3039 262 3127; x_wconf 70' lang='lat' dir='ltr'><strong>Philosophiam</strong></span> <span class='ocrx_word' id='word_1_270' title='bbox 274 3049 357 3104; x_wconf 85' lang='lat' dir='ltr'><strong>rebus</strong></span> <span class='ocrx_word' id='word_1_271' title='bbox 367 3049 494 3104; x_wconf 91' lang='lat' dir='ltr'><strong>omnibus</strong></span> <span class='ocrx_word' id='word_1_272' title='bbox 505 2997 666 3119; x_wconf 69' lang='lat' dir='ltr'><strong>praelllrens</strong></span> <span class='ocrx_word' id='word_1_273' title='bbox 678 3047 761 3100; x_wconf 91' lang='lat' dir='ltr'><strong>malle</strong></span> <span class='ocrx_word' id='word_1_274' title='bbox 773 3061 804 3100; x_wconf 88' lang='lat' dir='ltr'><strong>se</strong></span> <span class='ocrx_word' id='word_1_275' title='bbox 814 3045 882 3098; x_wconf 86' lang='lat' dir='ltr'><strong>dicit</strong></span> <span class='ocrx_word' id='word_1_276' title='bbox 892 3043 939 3096; x_wconf 84' lang='lat' dir='ltr'><strong>vel</strong></span> <span class='ocrx_word' id='word_1_277' title='bbox 949 3058 1034 3096; x_wconf 90' lang='lat' dir='ltr'><strong>unum</strong></span> <span class='ocrx_word' id='word_1_278' title='bbox 1043 3056 1159 3109; x_wconf 85' lang='lat' dir='ltr'><strong>parvum</strong></span> 
     </span>
    </p>
   </div>
   <div class='ocr_carea' id='block_1_9' title="bbox 80 3105 1274 3200">
    <p class='ocr_par' dir='ltr' id='par_1_16' title="bbox 80 3105 1274 3200">
     <span class='ocr_line' id='line_1_35' title="bbox 80 3105 1274 3200; baseline -0.008 -33"><span class='ocrx_word' id='word_1_279' title='bbox 80 3107 107 3159; x_wconf 73' lang='lat' dir='ltr'><strong>de</strong></span> <span class='ocrx_word' id='word_1_280' title='bbox 117 3110 198 3170; x_wconf 77' lang='lat' dir='ltr'><strong>offioo</strong></span> <span class='ocrx_word' id='word_1_281' title='bbox 213 3117 340 3172; x_wconf 90' lang='lat' dir='ltr'><strong>libellum</strong></span> <span class='ocrx_word' id='word_1_282' title='bbox 356 3135 440 3200; x_wconf 75' lang='lat' dir='ltr'><strong>quam</strong></span> <span class='ocrx_word' id='word_1_283' title='bbox 455 3119 568 3189; x_wconf 89' lang='lat' dir='ltr'><strong>longam</strong></span> <span class='ocrx_word' id='word_1_284' title='bbox 584 3115 736 3171; x_wconf 88' lang='lat' dir='ltr'><strong>orationem</strong></span> <span class='ocrx_word' id='word_1_285' title='bbox 752 3129 802 3184; x_wconf 90' lang='lat' dir='ltr'><strong>pro</strong></span> <span class='ocrx_word' id='word_1_286' title='bbox 820 3112 949 3166; x_wconf 90' lang='lat' dir='ltr'><strong>seditioso</strong></span> <span class='ocrx_word' id='word_1_287' title='bbox 965 3108 1077 3163; x_wconf 87' lang='lat' dir='ltr'><strong>homine</strong></span> <span class='ocrx_word' id='word_1_288' title='bbox 1094 3105 1160 3160; x_wconf 80' lang='lat' dir='ltr'><strong>Ocr-</strong></span> <span class='ocrx_word' id='word_1_289' title='bbox 1269 3161 1274 3174; x_wconf 66' lang='lat'><em>‚</em></span> 
     </span>
    </p>
   </div>
   <div class='ocr_carea' id='block_1_10' title="bbox 80 3175 1159 3324">
    <p class='ocr_par' dir='ltr' id='par_1_17' title="bbox 80 3175 1159 3324">
     <span class='ocr_line' id='line_1_36' title="bbox 80 3175 1159 3254; baseline -0.001 -25"><span class='ocrx_word' id='word_1_290' title='bbox 80 3177 149 3250; x_wconf 76' lang='lat' dir='ltr'><strong>neh03</strong></span> <span class='ocrx_word' id='word_1_291' title='bbox 168 3199 236 3254; x_wconf 87' lang='lat' dir='ltr'><strong>quae</strong></span> <span class='ocrx_word' id='word_1_292' title='bbox 259 3191 397 3241; x_wconf 84' lang='lat' dir='ltr'><strong>sententra</strong></span> <span class='ocrx_word' id='word_1_293' title='bbox 417 3203 472 3240; x_wconf 92' lang='lat' dir='ltr'><strong>non</strong></span> <span class='ocrx_word' id='word_1_294' title='bbox 492 3186 533 3240; x_wconf 88' lang='lat' dir='ltr'><strong>uti</strong></span> <span class='ocrx_word' id='word_1_295' title='bbox 553 3202 588 3240; x_wconf 91' lang='lat' dir='ltr'><strong>ue</strong></span> <span class='ocrx_word' id='word_1_296' title='bbox 606 3183 713 3253; x_wconf 77' lang='lat' dir='ltr'><strong>Catuli,</strong></span> <span class='ocrx_word' id='word_1_297' title='bbox 734 3182 785 3237; x_wconf 86' lang='lat' dir='ltr'><strong>sed</strong></span> <span class='ocrx_word' id='word_1_298' title='bbox 801 3179 941 3236; x_wconf 80' lang='lat' dir='ltr'><strong>Ciceronis</strong></span> <span class='ocrx_word' id='word_1_299' title='bbox 963 3182 1005 3232; x_wconf 91' lang='lat' dir='ltr'><strong>est</strong></span> <span class='ocrx_word' id='word_1_300' title='bbox 1025 3175 1159 3246; x_wconf 84' lang='lat' dir='ltr'><strong>putanda.</strong></span> 
     </span>
     <span class='ocr_line' id='line_1_37' title="bbox 81 3241 569 3324; baseline 0.018 -25"><span class='ocrx_word' id='word_1_301' title='bbox 81 3241 262 3308; x_wconf 81' lang='lat' dir='ltr'><strong>Lactantius</strong></span> <span class='ocrx_word' id='word_1_302' title='bbox 274 3253 342 3309; x_wconf 89' lang='lat' dir='ltr'><strong>Inst.</strong></span> <span class='ocrx_word' id='word_1_303' title='bbox 356 3255 411 3309; x_wconf 84' lang='lat' dir='ltr'><strong>div.</strong></span> <span class='ocrx_word' id='word_1_304' title='bbox 424 3255 475 3324; x_wconf 91' lang='lat' dir='ltr'><strong>VI,</strong></span> <span class='ocrx_word' id='word_1_305' title='bbox 487 3255 513 3324; x_wconf 80' lang='lat'><strong>2,</strong></span> <span class='ocrx_word' id='word_1_306' title='bbox 527 3257 542 3308; x_wconf 92' lang='lat'>1</span> <span class='ocrx_word' id='word_1_307' title='bbox 563 3295 569 3308; x_wconf 96' lang='lat'><strong>.</strong></span> 
     </span>
    </p>
   </div>
   <div class='ocr_carea' id='block_1_11' title="bbox 83 3327 1164 4020">
    <p class='ocr_par' dir='ltr' id='par_1_18' title="bbox 83 3327 1161 3580">
     <span class='ocr_line' id='line_1_38' title="bbox 134 3327 1161 3412; baseline -0.004 -18"><span class='ocrx_word' id='word_1_308' title='bbox 134 3327 178 3395; x_wconf 85' lang='lat'><strong>48.</strong></span> <span class='ocrx_word' id='word_1_309' title='bbox 200 3340 356 3410; x_wconf 84' lang='lat' dir='ltr'><strong>convenire,</strong></span> <span class='ocrx_word' id='word_1_310' title='bbox 369 3344 466 3412; x_wconf 89' lang='lat' dir='ltr'><strong>aptum</strong></span> <span class='ocrx_word' id='word_1_311' title='bbox 478 3355 546 3395; x_wconf 89' lang='lat' dir='ltr'><strong>esse.</strong></span> <span class='ocrx_word' id='word_1_312' title='bbox 571 3339 609 3394; x_wconf 91' lang='lat' dir='ltr'><strong>M.</strong></span> <span class='ocrx_word' id='word_1_313' title='bbox 624 3338 733 3392; x_wconf 86' lang='lat' dir='ltr'><strong>Tullius</strong></span> <span class='ocrx_word' id='word_1_314' title='bbox 745 3337 775 3392; x_wconf 89' lang='lat' dir='ltr'><strong>in</strong></span> <span class='ocrx_word' id='word_1_315' title='bbox 787 3333 949 3390; x_wconf 87' lang='lat' dir='ltr'><strong>Hortensio:</strong></span> <span class='ocrx_word' id='word_1_316' title='bbox 977 3349 1052 3391; x_wconf 86' lang='lat' dir='ltr'><strong>nam</strong></span> <span class='ocrx_word' id='word_1_317' title='bbox 1075 3327 1161 3411; x_wconf 89' lang='lat' dir='ltr'><strong>quod</strong></span> 
     </span>
     <span class='ocr_line' id='line_1_39' title="bbox 83 3412 1160 3497; baseline 0.001 -23"><span class='ocrx_word' id='word_1_318' title='bbox 83 3414 181 3480; x_wconf 76' lang='lat' dir='ltr'><strong>vereris</strong></span> <span class='ocrx_word' id='word_1_319' title='bbox 203 3444 243 3488; x_wconf 90' lang='lat' dir='ltr'><strong>ne</strong></span> <span class='ocrx_word' id='word_1_320' title='bbox 266 3443 332 3486; x_wconf 89' lang='lat' dir='ltr'><strong>non</strong></span> <span class='ocrx_word' id='word_1_321' title='bbox 354 3421 523 3486; x_wconf 86' lang='lat' dir='ltr'><strong>conveniat</strong></span> <span class='ocrx_word' id='word_1_322' title='bbox 545 3419 661 3485; x_wconf 92' lang='lat' dir='ltr'><strong>nostris</strong></span> <span class='ocrx_word' id='word_1_323' title='bbox 680 3415 838 3483; x_wconf 86' lang='lat' dir='ltr'><strong>aetatibus</strong></span> <span class='ocrx_word' id='word_1_324' title='bbox 861 3416 921 3479; x_wconf 90' lang='lat' dir='ltr'><strong>ista</strong></span> <span class='ocrx_word' id='word_1_325' title='bbox 939 3412 1054 3488; x_wconf 89' lang='lat' dir='ltr'><strong>oratio,</strong></span> <span class='ocrx_word' id='word_1_326' title='bbox 1077 3434 1160 3497; x_wconf 87' lang='lat' dir='ltr'><strong>quae</strong></span> 
     </span>
     <span class='ocr_line' id='line_1_40' title="bbox 84 3506 807 3580; baseline -0.004 -18"><span class='ocrx_word' id='word_1_327' title='bbox 84 3512 184 3578; x_wconf 78' lang='lat' dir='ltr'><strong>spectet</strong></span> <span class='ocrx_word' id='word_1_328' title='bbox 204 3507 247 3571; x_wconf 92' lang='lat' dir='ltr'><strong>ad</strong></span> <span class='ocrx_word' id='word_1_329' title='bbox 269 3506 471 3572; x_wconf 87' lang='lat' dir='ltr'><strong>hortandum.</strong></span> <span class='ocrx_word' id='word_1_330' title='bbox 516 3507 807 3580; x_wconf 62' lang='lat' dir='ltr'><strong>herimannas.</strong></span> 
     </span>
    </p>

    <p class='ocr_par' dir='ltr' id='par_1_19' title="bbox 85 3583 1163 3909">
     <span class='ocr_line' id='line_1_41' title="bbox 85 3583 1162 3675; baseline -0.009 -25"><span class='ocrx_word' id='word_1_331' title='bbox 85 3663 91 3675; x_wconf 25' lang='grc' dir='ltr'>ι</span> <span class='ocrx_word' id='word_1_332' title='bbox 133 3585 181 3650; x_wconf 83' lang='grc'><strong>49.</strong></span> <span class='ocrx_word' id='word_1_333' title='bbox 202 3598 327 3669; x_wconf 85' lang='lat' dir='ltr'><strong>caedere,</strong></span> <span class='ocrx_word' id='word_1_334' title='bbox 350 3598 486 3654; x_wconf 88' lang='lat' dir='ltr'><strong>excidere.</strong></span> <span class='ocrx_word' id='word_1_335' title='bbox 530 3597 569 3652; x_wconf 88' lang='lat' dir='ltr'><strong>M.</strong></span> <span class='ocrx_word' id='word_1_336' title='bbox 592 3595 703 3650; x_wconf 86' lang='lat' dir='ltr'><strong>Tullius</strong></span> <span class='ocrx_word' id='word_1_337' title='bbox 724 3593 755 3648; x_wconf 91' lang='lat' dir='ltr'><strong>in</strong></span> <span class='ocrx_word' id='word_1_338' title='bbox 775 3589 937 3646; x_wconf 87' lang='lat' dir='ltr'><strong>Hortensio:</strong></span> <span class='ocrx_word' id='word_1_339' title='bbox 963 3596 1019 3649; x_wconf 82' lang='lat' dir='ltr'><strong>aut</strong></span> <span class='ocrx_word' id='word_1_340' title='bbox 1045 3584 1103 3650; x_wconf 83' lang='lat' dir='ltr'><strong>tibi</strong></span> <span class='ocrx_word' id='word_1_341' title='bbox 1129 3583 1162 3647; x_wconf 91' lang='lat' dir='ltr'><strong>id</strong></span> 
     </span>
     <span class='ocr_line' id='line_1_42' title="bbox 85 3670 1163 3764; baseline -0.016 -17"><span class='ocrx_word' id='word_1_342' title='bbox 85 3686 171 3763; x_wconf 77' lang='lat' dir='ltr'><strong>lpsurn</strong></span> <span class='ocrx_word' id='word_1_343' title='bbox 192 3680 438 3764; x_wconf 87' lang='lat' dir='ltr'><strong>pervertendum</strong></span> <span class='ocrx_word' id='word_1_344' title='bbox 460 3678 536 3756; x_wconf 84' lang='lat' dir='ltr'><strong>fuit,</strong></span> <span class='ocrx_word' id='word_1_345' title='bbox 558 3677 646 3762; x_wconf 89' lang='lat' dir='ltr'><strong>quod</strong></span> <span class='ocrx_word' id='word_1_346' title='bbox 668 3686 704 3741; x_wconf 93' lang='lat' dir='ltr'><strong>tu</strong></span> <span class='ocrx_word' id='word_1_347' title='bbox 726 3696 767 3740; x_wconf 91' lang='lat' dir='ltr'><strong>ne</strong></span> <span class='ocrx_word' id='word_1_348' title='bbox 790 3671 923 3756; x_wconf 90' lang='lat' dir='ltr'><strong>attigisti</strong></span> <span class='ocrx_word' id='word_1_349' title='bbox 940 3670 1083 3755; x_wconf 87' lang='lat' dir='ltr'><strong>quidem,</strong></span> <span class='ocrx_word' id='word_1_350' title='bbox 1107 3679 1163 3732; x_wconf 90' lang='lat' dir='ltr'><strong>aut</strong></span> 
     </span>
     <span class='ocr_line' id='line_1_43' title="bbox 87 3758 1162 3909; baseline -0.019 -80"><span class='ocrx_word' id='word_1_351' title='bbox 87 3771 258 3909; x_wconf 55' lang='lat' dir='ltr'><strong>elllflbpartcs</strong></span> <span class='ocrx_word' id='word_1_352' title='bbox 276 3767 368 3850; x_wconf 90' lang='lat' dir='ltr'><strong>quasi</strong></span> <span class='ocrx_word' id='word_1_353' title='bbox 386 3764 530 3829; x_wconf 91' lang='lat' dir='ltr'><strong>membra</strong></span> <span class='ocrx_word' id='word_1_354' title='bbox 547 3761 707 3848; x_wconf 88' lang='lat' dir='ltr'><strong>quaedam</strong></span> <span class='ocrx_word' id='word_1_355' title='bbox 726 3758 898 3825; x_wconf 87' lang='lat' dir='ltr'><strong>caedenda.</strong></span> <span class='ocrx_word' id='word_1_356' title='bbox 916 3762 1008 3817; x_wconf 90' lang='lat' dir='ltr'><strong>Idem</strong></span> <span class='ocrx_word' id='word_1_357' title='bbox 1019 3759 1162 3832; x_wconf 78' lang='lat' dir='ltr'><strong>p.271‚30.</strong></span> 
     </span>
    </p>

    <p class='ocr_par' dir='ltr' id='par_1_20' title="bbox 88 3839 1164 4020">
     <span class='ocr_line' id='line_1_44' title="bbox 177 3839 1163 3928; baseline -0.015 -16"><span class='ocrx_word' id='word_1_358' title='bbox 177 3856 382 3912; x_wconf 86' lang='lat' dir='ltr'><strong>.aeraneutri.</strong></span> <span class='ocrx_word' id='word_1_359' title='bbox 419 3855 457 3909; x_wconf 92' lang='grc' dir='ltr'><strong>Μ.</strong></span> <span class='ocrx_word' id='word_1_360' title='bbox 470 3851 801 3916; x_wconf 66' lang='lat' dir='ltr'><strong>Tulliusianrtensioz,</strong></span> <span class='ocrx_word' id='word_1_361' title='bbox 817 3843 914 3928; x_wconf 87' lang='lat' dir='ltr'><strong>quid?</strong></span> <span class='ocrx_word' id='word_1_362' title='bbox 944 3853 995 3916; x_wconf 86' lang='lat' dir='ltr'><strong>tu,</strong></span> <span class='ocrx_word' id='word_1_363' title='bbox 1021 3839 1163 3919; x_wconf 89' lang='lat' dir='ltr'><strong>inquam,</strong></span> 
     </span>
     <span class='ocr_line' id='line_1_45' title="bbox 88 3921 1164 4020; baseline -0.002 -36"><span class='ocrx_word' id='word_1_364' title='bbox 88 3922 168 4008; x_wconf 83' lang='lat' dir='ltr'><strong>soles,</strong></span> <span class='ocrx_word' id='word_1_365' title='bbox 192 3957 264 4000; x_wconf 89' lang='lat' dir='ltr'><strong>cum</strong></span> <span class='ocrx_word' id='word_1_366' title='bbox 284 3937 441 4001; x_wconf 88' lang='lat' dir='ltr'><strong>rationem</strong></span> <span class='ocrx_word' id='word_1_367' title='bbox 459 3959 478 4000; x_wconf 90' lang='lat' dir='ltr'><strong>a</strong></span> <span class='ocrx_word' id='word_1_368' title='bbox 496 3933 715 4020; x_wconf 88' lang='lat' dir='ltr'><strong>dispensatore</strong></span> <span class='ocrx_word' id='word_1_369' title='bbox 733 3930 866 4015; x_wconf 89' lang='lat' dir='ltr'><strong>accipis,</strong></span> <span class='ocrx_word' id='word_1_370' title='bbox 895 3928 923 3992; x_wconf 92' lang='lat' dir='ltr'><strong>si</strong></span> <span class='ocrx_word' id='word_1_371' title='bbox 944 3945 1020 3989; x_wconf 88' lang='lat' dir='ltr'><strong>aera</strong></span> <span class='ocrx_word' id='word_1_372' title='bbox 1038 3921 1164 4005; x_wconf 84' lang='lat' dir='ltr'><strong>singulo</strong></span> 
     </span>
    </p>
   </div>
   <div class='ocr_carea' id='block_1_12' title="bbox 88 4005 1165 4176">
    <p class='ocr_par' dir='ltr' id='par_1_21' title="bbox 88 4005 1165 4176">
     <span class='ocr_line' id='line_1_46' title="bbox 88 4005 1165 4172; baseline -0.014 -87"><span class='ocrx_word' id='word_1_373' title='bbox 88 4013 421 4172; x_wconf 47' lang='lat' dir='ltr'><strong>lliffifissssuffmam’</strong></span> <span class='ocrx_word' id='word_1_374' title='bbox 449 4043 531 4105; x_wconf 87' lang='lat' dir='ltr'><strong>quae</strong></span> <span class='ocrx_word' id='word_1_375' title='bbox 551 4043 591 4086; x_wconf 85' lang='lat' dir='ltr'><strong>ex</strong></span> <span class='ocrx_word' id='word_1_376' title='bbox 609 4018 659 4083; x_wconf 92' lang='lat' dir='ltr'><strong>his</strong></span> <span class='ocrx_word' id='word_1_377' title='bbox 678 4017 825 4084; x_wconf 87' lang='lat' dir='ltr'><strong>confecta</strong></span> <span class='ocrx_word' id='word_1_378' title='bbox 843 4014 897 4089; x_wconf 90' lang='lat' dir='ltr'><strong>sit,</strong></span> <span class='ocrx_word' id='word_1_379' title='bbox 920 4029 992 4135; x_wconf 68' lang='lat' dir='ltr'><strong>non⁸</strong></span> <span class='ocrx_word' id='word_1_380' title='bbox 1009 4005 1165 4092; x_wconf 84' lang='lat' dir='ltr'><strong>probare?</strong></span> 
     </span>
     <span class='ocr_line' id='line_1_47' title="bbox 194 4144 305 4176; baseline 0.009 -19"><span class='ocrx_word' id='word_1_381' title='bbox 194 4144 199 4157; x_wconf 90' lang='lat'><strong>.</strong></span> <span class='ocrx_word' id='word_1_382' title='bbox 264 4145 271 4176; x_wconf 89' lang='lat'>,</span> <span class='ocrx_word' id='word_1_383' title='bbox 299 4146 305 4158; x_wconf 88' lang='lat'><strong>.</strong></span> 
     </span>
    </p>
   </div>
   <div class='ocr_carea' id='block_1_13' title="bbox 0 0 1343 4558">
    <p class='ocr_par' dir='ltr' id='par_1_22' title="bbox 0 0 1343 4558">
     <span class='ocr_line' id='line_1_48' title="bbox 0 0 1343 4558; baseline 0 0"><span class='ocrx_word' id='word_1_384' title='bbox 0 0 1343 4558; x_wconf 95' lang='lat' dir='ltr'><strong> </strong></span> 
     </span>
    </p>
   </div>
  </div>
 </body>
</html>
