2714 4554
526 271 776 330 FRAGMENTA.

92 417 153 464 neo
171 396 313 462 formam
331 406 459 462 veteres
477 407 596 462 certam
613 396 762 462 statuisse
779 396 936 463 videntur.
966 387 972 399 ⁸

94 507 172 549 nam
189 505 273 567 quas
291 482 451 548 sideribus
470 482 562 547 claris
579 494 695 547 natura
711 481 824 568 polivit
1150 489 1203 544 160

98 581 128 634 et
145 569 237 633 vario
254 568 361 654 pinxit
379 567 577 652 distinguens
594 569 714 634 lumine
732 568 861 643 formas,

98 655 157 718 has
174 654 229 719 ille
248 665 407 718 astrorum
426 665 532 718 custos
549 652 671 719 ratione
688 652 811 719 notavit

101 740 258 826 signaque
277 738 416 824 signavit
434 737 582 804 caelestia
600 739 836 804 nomine-vero:

101 826 161 889 has
178 835 298 900 autem,
317 844 400 908 quae
419 834 494 887 sunt
510 843 609 908 parvo
627 846 701 889 cum
718 823 838 888 lumine
856 823 958 902 fusae,

103 909 262 976 consimili
279 909 385 996 specie
404 908 510 973 stellas
528 908 684 994 parilique
701 909 814 985 nitore,
1150 917 1203 972 165

103 1019 169 1061 non
185 995 292 1080 potuit
310 994 402 1059 nobis
419 1005 495 1060 nota
512 995 632 1061 clarare
650 995 763 1081 figura.
1162 1015 1203 1054 uc

146 1080 277 1146 Exinde
294 1079 464 1144 australem
482 1079 566 1143 soliti
584 1101 679 1164 quem
697 1081 802 1146 dicere
819 1081 948 1147 Piscem

104 1166 245 1230 volvitur
261 1163 392 1230 inferior
410 1161 605 1250 Capricorno
623 1187 734 1232 versus
752 1166 793 1232 ad
810 1166 978 1244 Austrum,

103 1251 277 1317 Pistricem
293 1250 477 1326 observans,
494 1251 606 1334 procul
623 1250 684 1316 illis
701 1250 883 1316 Piscibus
901 1253 1045 1318 haerens.

103 1349 137 1401 at
153 1358 213 1422 pro
238 1335 459 1421 sconspioies,
477 1337 616 1420 expertis
634 1336 771 1400 nominis
789 1337 902 1414 omnis,
1151 1345 1204 1398 rto

101 1422 187 1488 inter
235 1421 375 1486 istricem
393 1431 425 1486 et
437 1420 567 1485 Piscem
584 1441 681 1504 quem
698 1419 836 1488 diximus
854 1422 993 1488 Austri
1162 1441 1203 1482 ns

103 1507 225 1583 stellas,
242 1507 304 1572 sub
321 1505 457 1592 pedibus
474 1515 588 1570 stratas
605 1506 758 1571 radiantis
775 1507 911 1592 Aquari.

144 1593 287 1678 Propter
302 1591 498 1674 Aquarius
515 1591 687 1656 obscurum
705 1593 817 1658 dextra
832 1595 917 1680 rigat
934 1617 1071 1674 amnem,

103 1678 223 1764 exiguo
241 1677 297 1761 qui
314 1677 477 1742 stellarum
495 1677 632 1742 candore
649 1677 784 1742 nitescit.

102 1786 120 1828 e
138 1763 249 1828 multis
268 1773 374 1828 tamen
390 1761 440 1826 his
458 1761 522 1826 duc
539 1761 603 1826 late
619 1762 741 1828 lumina
759 1763 899 1850 fulgent:

0 1899 1 1902 ,
101 1871 204 1914 unum
223 1847 283 1912 sub
300 1848 425 1932 magnis
443 1846 578 1933 pedibus
597 1861 743 1914 cernetur
760 1849 884 1932 Aquari
890 1875 899 1926 ;

102 1934 190 2018 quod
209 1943 363 2018 superest,
380 1933 487 2018 gelido
505 1932 672 2016 delapsum
689 1934 821 1999 flumine
838 1936 945 2014 fontis,

102 2019 299 2168 {pinigeram
317 2017 426 2084 subter
443 2018 579 2117 caudam
596 2018 748 2120 Pistricis·
760 2019 933 2122 adhaesit..

125 2127 164 2169 ae
180 2117 294 2170 tenues
312 2104 421 2169 stellae
438 2103 646 2188 perhibentur
664 2126 791 2171 nomme
809 2106 945 2190 Aquar.

103 2190 154 2254 hic
171 2190 254 2254 aliae
272 2188 406 2254 volitent
423 2209 521 2274 parvo
540 2210 613 2254 cum
630 2189 750 2255 lumine
768 2191 872 2256 clarae

100 2274 199 2360 'atque
217 2275 325 2360 priora
341 2274 460 2360 pedum
477 2267 615 2340 subeunt
633 2276 769 2377 vestigia
786 2277 896 2362 magni

1 2374 7 2397 ¹
102 2359 320 2426 Arcitenentis
337 2370 369 2425 et
386 2359 540 2425 obscurae
558 2359 626 2426 sine
643 2382 771 2426 nomme
790 2362 917 2426 cedunt.

143 2445 226 2511 Inde
243 2446 355 2530 Nepae
373 2466 483 2510 cernes
499 2458 630 2530 propter
647 2447 800 2532 fulgentis
820 2469 955 2512 acumen

103 2533 235 2608 Aram,
254 2551 352 2614 quam
368 2531 446 2595 flatu
463 2532 638 2615 permulcet
655 2531 784 2615 spiritus
802 2532 925 2608 Austri,

105 2618 222 2702 exigno
240 2639 392 2701 superum
408 2638 490 2699 quae
508 2615 630 2700 lumina
645 2626 789 2700 tempore
807 2626 927 2682 tranatr

103 2726 178 2770 nam
196 2701 308 2790 procul
325 2707 464 2770 Arcturo
482 2711 531 2769 est
548 2701 683 2768 adversa
700 2712 790 2788 parte
807 2701 920 2768 locata.

1 2865 2 2869 η
104 2792 245 2856 Arcturo
262 2813 415 2876 magnum
433 2789 536 2875 spatio
554 2811 671 2874 supera
689 2787 777 2853 dedit
794 2787 904 2854 orbem

105 2876 266 2962 Iuppiter3
284 2875 358 2940 huic
375 2897 510 2961 parvum
527 2873 676 2943 inferiore
694 2874 728 2938 in
745 2886 836 2958 parte
852 2875 979 2940 locavit.

104 2962 185 3028 haec
202 2973 310 3029 tamen
328 2972 458 3026 aeterno
473 2960 614 3026 invisens
630 2961 703 3025 loca
720 2960 877 3026 curriculo
894 2983 960 3026 nox

106 3047 199 3134 signa
217 3047 306 3112 dedit
322 3046 437 3122 nautis,
456 3046 562 3110 cuncti
578 3065 661 3128 quae
678 3064 810 3110 noscere
827 3058 968 3130 possent,

106 3133 322 3198 conmiserans
339 3131 505 3196 hominum
522 3131 709 3196 metuendos
727 3130 870 3214 undique
887 3153 989 3196 casus.

106 3241 182 3284 nam
200 3240 275 3282 cum
292 3218 470 3304 fulgentem
487 3238 596 3282 cernes
615 3216 682 3282 sine
700 3216 840 3282 nubibus
858 3217 935 3281 atris

107 3305 211 3369 Aram
228 3303 412 3368 submedia
429 3302 510 3367 caeli
526 3302 656 3388 regione
673 3303 821 3380 locatam,

107 3412 127 3454 a
144 3411 271 3454 summa
287 3399 378 3474 parte
396 3387 532 3452 obscura
549 3387 684 3472 caligine
701 3397 829 3462 tectam,

107 3487 176 3539 tum
194 3474 309 3539 validis
326 3474 431 3558 fugito
447 3471 592 3538 devitans
609 3473 730 3536 viribus
747 3472 915 3548 Austrum,

108 3581 206 3644 quem
223 3559 251 3624 si
268 3558 463 3646 prospiciens
481 3557 641 3634 vitaveris,
660 3558 767 3622 omnia
785 3568 877 3622 caute

108 3655 306 3710 armamenta
322 3644 431 3709 locans
448 3653 518 3708 tuto
535 3642 643 3708 labere
660 3664 719 3728 per
735 3642 848 3708 undas.

109 3731 157 3795 sin
173 3729 283 3816 gravis
299 3728 446 3794 inciderit
462 3727 642 3793 vehementi
659 3727 786 3792 flamine
804 3737 929 3804 ventus,

108 3815 286 3902 perfringat
304 3815 404 3880 celsos
422 3814 526 3879 defixo
544 3813 657 3878 robore
675 3813 787 3890 malos,

109 3913 214 3967 utres
231 3900 321 3966 nulla
337 3899 422 3965 feras
439 3899 540 3985 possit
555 3899 695 3963 mulcere
713 3899 878 3985 procellas,

110 3988 142 4051 ni
158 3997 251 4074 parte
270 4008 311 4051 ex
328 3985 498 4068 Aquilonis
516 4006 650 4070 opacam
666 3985 784 4069 pellere
801 3984 921 4049 nubem

111 4071 251 4160 coeperit
269 4082 302 4139 et
319 4070 432 4136 subitis
450 4069 535 4136 auris
553 4069 713 4135 diduxerit
730 4070 810 4134 Ara.
