<?xml version="1.0" encoding="UTF-8"?>
<!DOCTYPE html PUBLIC "-//W3C//DTD XHTML 1.0 Transitional//EN"
    "http://www.w3.org/TR/xhtml1/DTD/xhtml1-transitional.dtd">
<html xmlns="http://www.w3.org/1999/xhtml" xml:lang="en" lang="en">
 <head>
  <title>
</title>
<meta http-equiv="Content-Type" content="text/html;charset=utf-8" />
  <meta name='ocr-system' content='tesseract 3.04.00' />
  <meta name='ocr-capabilities' content='ocr_page ocr_carea ocr_par ocr_line ocrx_word'/>
</head>
<body>
  <div class='ocr_page' id='page_1' title='image "./mtulliiciceroni95cicegoog/mtulliiciceroni95cicegoog_0111.png"; bbox 0 0 2714 4554; ppageno 0'>
   <div class='ocr_carea' id='block_1_1' title="bbox 516 269 1187 336">
    <p class='ocr_par' dir='ltr' id='par_1_1' title="bbox 516 269 1187 336">
     <span class='ocr_line' id='line_1_1' title="bbox 516 269 1187 336; baseline 0.012 -8"><span class='ocrx_word' id='word_1_1' title='bbox 516 273 764 336; x_wconf 80' lang='lat' dir='ltr'><strong>FRAGMENTA.</strong></span> <span class='ocrx_word' id='word_1_2' title='bbox 837 312 839 315; x_wconf 92' lang='lat'><em>-</em></span> <span class='ocrx_word' id='word_1_3' title='bbox 1144 269 1187 336; x_wconf 83' lang='lat'>95</span> 
     </span>
    </p>
   </div>
   <div class='ocr_carea' id='block_1_2' title="bbox 183 397 857 571">
    <p class='ocr_par' dir='ltr' id='par_1_2' title="bbox 183 397 857 571">
     <span class='ocr_line' id='line_1_2' title="bbox 183 397 857 484; baseline 0.006 -22"><span class='ocrx_word' id='word_1_4' title='bbox 183 397 267 462; x_wconf 80' lang='lat' dir='ltr'>freno</span> <span class='ocrx_word' id='word_1_5' title='bbox 285 408 416 484; x_wconf 87' lang='lat' dir='ltr'>repente</span> <span class='ocrx_word' id='word_1_6' title='bbox 435 406 522 462; x_wconf 88' lang='lat' dir='ltr'>tactu</span> <span class='ocrx_word' id='word_1_7' title='bbox 540 400 743 483; x_wconf 77' lang='lat' dir='ltr'>exagitantur</span> <span class='ocrx_word' id='word_1_8' title='bbox 758 421 857 480; x_wconf 84' lang='lat' dir='ltr'>nov03</span> 
     </span>
     <span class='ocr_line' id='line_1_3' title="bbox 183 483 814 571; baseline 0.006 -24"><span class='ocrx_word' id='word_1_9' title='bbox 183 483 235 548; x_wconf 88' lang='lat' dir='ltr'>sed</span> <span class='ocrx_word' id='word_1_10' title='bbox 250 483 317 548; x_wconf 88' lang='lat' dir='ltr'>iam</span> <span class='ocrx_word' id='word_1_11' title='bbox 336 483 487 548; x_wconf 90' lang='lat' dir='ltr'>subactus</span> <span class='ocrx_word' id='word_1_12' title='bbox 505 483 638 548; x_wconf 85' lang='lat' dir='ltr'>miseriis</span> <span class='ocrx_word' id='word_1_13' title='bbox 656 484 814 571; x_wconf 91' lang='lat' dir='ltr'>obtorpui.</span> 
     </span>
    </p>
   </div>
   <div class='ocr_carea' id='block_1_3' title="bbox 114 570 1187 713">
    <p class='ocr_par' dir='ltr' id='par_1_3' title="bbox 114 570 1187 713">
     <span class='ocr_line' id='line_1_4' title="bbox 115 570 1187 656; baseline 0.011 -28"><span class='ocrx_word' id='word_1_14' title='bbox 115 570 214 629; x_wconf 82' lang='lat' dir='ltr'>Cicero</span> <span class='ocrx_word' id='word_1_15' title='bbox 224 573 308 630; x_wconf 87' lang='lat' dir='ltr'>Tusc.</span> <span class='ocrx_word' id='word_1_16' title='bbox 327 575 399 646; x_wconf 85' lang='lat' dir='ltr'>disp.</span> <span class='ocrx_word' id='word_1_17' title='bbox 411 573 465 656; x_wconf 78' lang='lat' dir='ltr'>III²</span> <span class='ocrx_word' id='word_1_18' title='bbox 478 574 520 628; x_wconf 78' lang='grc'>67.</span> <span class='ocrx_word' id='word_1_19' title='bbox 536 574 649 656; x_wconf 60' lang='lat' dir='ltr'>hurip.</span> <span class='ocrx_word' id='word_1_20' title='bbox 666 575 746 630; x_wconf 83' lang='lat' dir='ltr'>Aeol</span> <span class='ocrx_word' id='word_1_21' title='bbox 764 576 797 632; x_wconf 82' lang='lat' dir='ltr'>ir.</span> <span class='ocrx_word' id='word_1_22' title='bbox 811 579 853 634; x_wconf 88' lang='grc'>19.</span> <span class='ocrx_word' id='word_1_23' title='bbox 865 578 951 635; x_wconf 89' lang='lat' dir='ltr'>Dind.</span> <span class='ocrx_word' id='word_1_24' title='bbox 975 580 1119 638; x_wconf 78' lang='lat' dir='ltr'>Nauolsius</span> <span class='ocrx_word' id='word_1_25' title='bbox 1133 581 1187 640; x_wconf 90' lang='lat' dir='ltr'>hoc</span> 
     </span>
     <span class='ocr_line' id='line_1_5' title="bbox 114 641 737 713; baseline 0.003 -17"><span class='ocrx_word' id='word_1_26' title='bbox 114 641 277 712; x_wconf 80' lang='lat' dir='ltr'>fragmentum</span> <span class='ocrx_word' id='word_1_27' title='bbox 289 643 327 698; x_wconf 90' lang='lat' dir='ltr'>ad</span> <span class='ocrx_word' id='word_1_28' title='bbox 338 641 480 713; x_wconf 80' lang='lat' dir='ltr'>Euripidis</span> <span class='ocrx_word' id='word_1_29' title='bbox 491 641 624 696; x_wconf 78' lang='lat' dir='ltr'>Phrixum</span> <span class='ocrx_word' id='word_1_30' title='bbox 635 645 737 698; x_wconf 86' lang='lat' dir='ltr'>retulit.</span> 
     </span>
    </p>
   </div>
   <div class='ocr_carea' id='block_1_4' title="bbox 24 721 1099 1402">
    <p class='ocr_par' dir='ltr' id='par_1_4' title="bbox 163 721 933 800">
     <span class='ocr_line' id='line_1_6' title="bbox 163 721 933 800; baseline 0.003 -14"><span class='ocrx_word' id='word_1_31' title='bbox 163 721 189 786; x_wconf 87' lang='lat'>9.</span> <span class='ocrx_word' id='word_1_32' title='bbox 209 727 367 800; x_wconf 84' lang='lat' dir='ltr'>Euripides,</span> <span class='ocrx_word' id='word_1_33' title='bbox 379 732 412 782; x_wconf 86' lang='lat' dir='ltr'>ut</span> <span class='ocrx_word' id='word_1_34' title='bbox 422 727 511 782; x_wconf 88' lang='lat' dir='ltr'>multa</span> <span class='ocrx_word' id='word_1_35' title='bbox 521 728 673 799; x_wconf 84' lang='lat' dir='ltr'>praeclare,</span> <span class='ocrx_word' id='word_1_36' title='bbox 686 729 725 786; x_wconf 87' lang='lat' dir='ltr'>sic</span> <span class='ocrx_word' id='word_1_37' title='bbox 736 731 790 786; x_wconf 86' lang='lat' dir='ltr'>hcc</span> <span class='ocrx_word' id='word_1_38' title='bbox 800 730 933 788; x_wconf 88' lang='lat' dir='ltr'>breviter:</span> 
     </span>
    </p>

    <p class='ocr_par' dir='ltr' id='par_1_5' title="bbox 179 806 967 891">
     <span class='ocr_line' id='line_1_7' title="bbox 179 806 967 891; baseline 0.009 -19"><span class='ocrx_word' id='word_1_39' title='bbox 179 807 266 874; x_wconf 80' lang='lat' dir='ltr'>vides</span> <span class='ocrx_word' id='word_1_40' title='bbox 284 807 423 873; x_wconf 91' lang='lat' dir='ltr'>sublime</span> <span class='ocrx_word' id='word_1_41' title='bbox 440 806 559 884; x_wconf 87' lang='lat' dir='ltr'>fusum,</span> <span class='ocrx_word' id='word_1_42' title='bbox 576 807 810 876; x_wconf 89' lang='lat' dir='ltr'>inmoderatum</span> <span class='ocrx_word' id='word_1_43' title='bbox 828 811 967 891; x_wconf 79' lang='lat' dir='ltr'>aethera,</span> 
     </span>
    </p>

    <p class='ocr_par' dir='ltr' id='par_1_6' title="bbox 24 892 1098 1142">
     <span class='ocr_line' id='line_1_8' title="bbox 180 892 955 982; baseline 0.006 -24"><span class='ocrx_word' id='word_1_44' title='bbox 180 893 232 976; x_wconf 92' lang='lat' dir='ltr'>qui</span> <span class='ocrx_word' id='word_1_45' title='bbox 249 904 369 958; x_wconf 86' lang='lat' dir='ltr'>terram</span> <span class='ocrx_word' id='word_1_46' title='bbox 386 904 495 958; x_wconf 92' lang='lat' dir='ltr'>tenero</span> <span class='ocrx_word' id='word_1_47' title='bbox 514 892 719 959; x_wconf 83' lang='lat' dir='ltr'>circumiectu</span> <span class='ocrx_word' id='word_1_48' title='bbox 736 897 955 982; x_wconf 80' lang='lat' dir='ltr'>amplectitur?</span> 
     </span>
     <span class='ocr_line' id='line_1_9' title="bbox 24 975 1098 1067; baseline 0.01 -26"><span class='ocrx_word' id='word_1_49' title='bbox 24 1063 25 1066; x_wconf 8' lang='grc' dir='ltr'><strong>Ἴ</strong></span> <span class='ocrx_word' id='word_1_50' title='bbox 179 977 261 1044; x_wconf 91' lang='lat' dir='ltr'>hunc</span> <span class='ocrx_word' id='word_1_51' title='bbox 271 1000 435 1043; x_wconf 88' lang='lat' dir='ltr'>summum</span> <span class='ocrx_word' id='word_1_52' title='bbox 449 975 566 1044; x_wconf 88' lang='lat' dir='ltr'>habeto</span> <span class='ocrx_word' id='word_1_53' title='bbox 576 977 695 1056; x_wconf 88' lang='lat' dir='ltr'>divum,</span> <span class='ocrx_word' id='word_1_54' title='bbox 704 979 790 1045; x_wconf 89' lang='lat' dir='ltr'>hunc</span> <span class='ocrx_word' id='word_1_55' title='bbox 802 982 967 1067; x_wconf 88' lang='lat' dir='ltr'>perhibeto</span> <span class='ocrx_word' id='word_1_56' title='bbox 976 984 1098 1053; x_wconf 86' lang='lat' dir='ltr'>Iovem.</span> 
     </span>
     <span class='ocr_line' id='line_1_10' title="bbox 24 1067 962 1142; baseline 0.006 -19"><span class='ocrx_word' id='word_1_57' title='bbox 24 1081 25 1084; x_wconf 72' lang='grc'>’</span> <span class='ocrx_word' id='word_1_58' title='bbox 111 1068 211 1124; x_wconf 80' lang='lat' dir='ltr'>Cicero</span> <span class='ocrx_word' id='word_1_59' title='bbox 221 1069 257 1124; x_wconf 92' lang='lat' dir='ltr'>de</span> <span class='ocrx_word' id='word_1_60' title='bbox 270 1070 347 1124; x_wconf 88' lang='lat' dir='ltr'>decr.</span> <span class='ocrx_word' id='word_1_61' title='bbox 360 1067 523 1137; x_wconf 78' lang='lat' dir='ltr'>nat.11‚65.</span> <span class='ocrx_word' id='word_1_62' title='bbox 536 1067 648 1140; x_wconf 88' lang='lat' dir='ltr'>Eurip.</span> <span class='ocrx_word' id='word_1_63' title='bbox 661 1069 761 1142; x_wconf 82' lang='lat' dir='ltr'>fragm.</span> <span class='ocrx_word' id='word_1_64' title='bbox 772 1071 827 1126; x_wconf 89' lang='lat' dir='ltr'>inc.</span> <span class='ocrx_word' id='word_1_65' title='bbox 840 1074 865 1129; x_wconf 91' lang='lat'>1.</span> <span class='ocrx_word' id='word_1_66' title='bbox 877 1073 962 1128; x_wconf 88' lang='lat' dir='ltr'>Dind.</span> 
     </span>
    </p>

    <p class='ocr_par' dir='ltr' id='par_1_7' title="bbox 161 1148 1088 1226">
     <span class='ocr_line' id='line_1_11' title="bbox 161 1148 1088 1226; baseline 0.008 -17"><span class='ocrx_word' id='word_1_67' title='bbox 161 1148 207 1214; x_wconf 90' lang='lat'>10.</span> <span class='ocrx_word' id='word_1_68' title='bbox 231 1159 273 1210; x_wconf 77' lang='lat' dir='ltr'>est</span> <span class='ocrx_word' id='word_1_69' title='bbox 284 1155 401 1224; x_wconf 87' lang='lat' dir='ltr'>quidam</span> <span class='ocrx_word' id='word_1_70' title='bbox 414 1151 539 1210; x_wconf 80' lang='lat' dir='ltr'>Graecus</span> <span class='ocrx_word' id='word_1_71' title='bbox 549 1154 670 1226; x_wconf 76' lang='lat' dir='ltr'>volgaria</span> <span class='ocrx_word' id='word_1_72' title='bbox 681 1155 711 1211; x_wconf 87' lang='lat' dir='ltr'>in</span> <span class='ocrx_word' id='word_1_73' title='bbox 722 1158 795 1214; x_wconf 88' lang='lat' dir='ltr'>hanc</span> <span class='ocrx_word' id='word_1_74' title='bbox 806 1161 970 1215; x_wconf 80' lang='lat' dir='ltr'>sententiam</span> <span class='ocrx_word' id='word_1_75' title='bbox 980 1177 1088 1216; x_wconf 72' lang='lat' dir='ltr'>venua:</span> 
     </span>
    </p>

    <p class='ocr_par' dir='ltr' id='par_1_8' title="bbox 24 1234 1099 1402">
     <span class='ocr_line' id='line_1_12' title="bbox 180 1234 1099 1326; baseline 0.008 -27"><span class='ocrx_word' id='word_1_76' title='bbox 180 1235 259 1300; x_wconf 90' lang='lat' dir='ltr'>bene</span> <span class='ocrx_word' id='word_1_77' title='bbox 277 1234 337 1319; x_wconf 90' lang='lat' dir='ltr'>qui</span> <span class='ocrx_word' id='word_1_78' title='bbox 355 1234 500 1312; x_wconf 78' lang='lat' dir='ltr'>coniciet,</span> <span class='ocrx_word' id='word_1_79' title='bbox 517 1244 622 1300; x_wconf 88' lang='lat' dir='ltr'>vatem</span> <span class='ocrx_word' id='word_1_80' title='bbox 640 1235 726 1302; x_wconf 90' lang='lat' dir='ltr'>hunc</span> <span class='ocrx_word' id='word_1_81' title='bbox 744 1238 918 1322; x_wconf 88' lang='lat' dir='ltr'>perhibebo</span> <span class='ocrx_word' id='word_1_82' title='bbox 935 1241 1099 1326; x_wconf 85' lang='lat' dir='ltr'>optimum.</span> 
     </span>
     <span class='ocr_line' id='line_1_13' title="bbox 24 1289 954 1402; baseline 0.002 -20"><span class='ocrx_word' id='word_1_83' title='bbox 24 1289 29 1402; x_wconf 74' lang='lat' dir='ltr'>l</span> <span class='ocrx_word' id='word_1_84' title='bbox 109 1325 212 1384; x_wconf 74' lang='lat' dir='ltr'>Cicero</span> <span class='ocrx_word' id='word_1_85' title='bbox 224 1328 259 1383; x_wconf 88' lang='lat' dir='ltr'>de</span> <span class='ocrx_word' id='word_1_86' title='bbox 273 1326 391 1382; x_wconf 73' lang='lat' dir='ltr'>divinat.</span> <span class='ocrx_word' id='word_1_87' title='bbox 404 1325 497 1397; x_wconf 76' lang='lat'>11,12.</span> <span class='ocrx_word' id='word_1_88' title='bbox 509 1325 622 1400; x_wconf 87' lang='lat' dir='ltr'>Eurip.</span> <span class='ocrx_word' id='word_1_89' title='bbox 635 1327 735 1400; x_wconf 77' lang='lat' dir='ltr'>fragm.</span> <span class='ocrx_word' id='word_1_90' title='bbox 747 1327 801 1384; x_wconf 88' lang='lat' dir='ltr'>ine.</span> <span class='ocrx_word' id='word_1_91' title='bbox 814 1330 856 1386; x_wconf 79' lang='lat'>85.</span> <span class='ocrx_word' id='word_1_92' title='bbox 868 1330 954 1386; x_wconf 90' lang='lat' dir='ltr'>Dind.</span> 
     </span>
    </p>
   </div>
   <div class='ocr_carea' id='block_1_5' title="bbox 158 1483 821 1655">
    <p class='ocr_par' dir='ltr' id='par_1_9' title="bbox 158 1483 821 1655">
     <span class='ocr_line' id='line_1_14' title="bbox 466 1483 818 1550; baseline 0.006 -3"><span class='ocrx_word' id='word_1_93' title='bbox 466 1483 497 1547; x_wconf 94' lang='lat' dir='ltr'>d.</span> <span class='ocrx_word' id='word_1_94' title='bbox 540 1507 581 1547; x_wconf 85' lang='lat' dir='ltr'>nx</span> <span class='ocrx_word' id='word_1_95' title='bbox 597 1505 818 1550; x_wconf 73' lang='lat' dir='ltr'>marcemus.</span> 
     </span>
     <span class='ocr_line' id='line_1_15' title="bbox 158 1581 821 1655; baseline 0 -17"><span class='ocrx_word' id='word_1_96' title='bbox 158 1581 225 1639; x_wconf 90' lang='lat' dir='ltr'>bene</span> <span class='ocrx_word' id='word_1_97' title='bbox 235 1584 284 1640; x_wconf 89' lang='lat' dir='ltr'>illo</span> <span class='ocrx_word' id='word_1_98' title='bbox 298 1581 471 1639; x_wconf 83' lang='lat' dir='ltr'>Graecorum</span> <span class='ocrx_word' id='word_1_99' title='bbox 482 1582 628 1653; x_wconf 81' lang='lat' dir='ltr'>proverbio</span> <span class='ocrx_word' id='word_1_100' title='bbox 638 1583 821 1655; x_wconf 83' lang='lat' dir='ltr'>praecipitur:</span> 
     </span>
    </p>
   </div>
   <div class='ocr_carea' id='block_1_6' title="bbox 24 1661 1011 1824">
    <p class='ocr_par' dir='ltr' id='par_1_10' title="bbox 24 1661 1011 1824">
     <span class='ocr_line' id='line_1_16' title="bbox 179 1661 1011 1746; baseline 0.005 -19"><span class='ocrx_word' id='word_1_101' title='bbox 179 1683 273 1746; x_wconf 91' lang='lat' dir='ltr'>quam</span> <span class='ocrx_word' id='word_1_102' title='bbox 291 1662 428 1746; x_wconf 86' lang='lat' dir='ltr'>quisque</span> <span class='ocrx_word' id='word_1_103' title='bbox 445 1661 529 1727; x_wconf 87' lang='lat' dir='ltr'>norit</span> <span class='ocrx_word' id='word_1_104' title='bbox 546 1673 656 1740; x_wconf 87' lang='lat' dir='ltr'>artem,</span> <span class='ocrx_word' id='word_1_105' title='bbox 674 1663 708 1727; x_wconf 92' lang='lat' dir='ltr'>in</span> <span class='ocrx_word' id='word_1_106' title='bbox 724 1662 786 1728; x_wconf 89' lang='lat' dir='ltr'>hac</span> <span class='ocrx_word' id='word_1_107' title='bbox 804 1685 838 1728; x_wconf 87' lang='lat' dir='ltr'>se</span> <span class='ocrx_word' id='word_1_108' title='bbox 856 1676 1011 1731; x_wconf 85' lang='lat' dir='ltr'>exerceat.</span> 
     </span>
     <span class='ocr_line' id='line_1_17' title="bbox 24 1747 883 1824; baseline 0.003 -20"><span class='ocrx_word' id='word_1_109' title='bbox 24 1749 26 1758; x_wconf 82' lang='grc'>’</span> <span class='ocrx_word' id='word_1_110' title='bbox 109 1747 209 1808; x_wconf 73' lang='lat' dir='ltr'>(litero</span> <span class='ocrx_word' id='word_1_111' title='bbox 220 1753 306 1808; x_wconf 75' lang='lat' dir='ltr'>Taso.</span> <span class='ocrx_word' id='word_1_112' title='bbox 320 1752 391 1822; x_wconf 86' lang='lat' dir='ltr'>disp.</span> <span class='ocrx_word' id='word_1_113' title='bbox 404 1751 428 1822; x_wconf 86' lang='lat'>1,</span> <span class='ocrx_word' id='word_1_114' title='bbox 439 1752 482 1806; x_wconf 87' lang='lat'>41.</span> <span class='ocrx_word' id='word_1_115' title='bbox 494 1751 666 1824; x_wconf 84' lang='lat' dir='ltr'>Aristoph.</span> <span class='ocrx_word' id='word_1_116' title='bbox 679 1751 764 1824; x_wconf 86' lang='lat' dir='ltr'>Vesp.</span> <span class='ocrx_word' id='word_1_117' title='bbox 776 1771 802 1807; x_wconf 75' lang='lat' dir='ltr'>v.</span> <span class='ocrx_word' id='word_1_118' title='bbox 815 1752 883 1810; x_wconf 81' lang='lat'>1431</span> 
     </span>
    </p>
   </div>
   <div class='ocr_carea' id='block_1_7' title="bbox 221 1901 1053 2058">
    <p class='ocr_par' dir='ltr' id='par_1_11' title="bbox 221 1901 1053 2058">
     <span class='ocr_line' id='line_1_18' title="bbox 221 1901 1053 1966; baseline 0.008 -7"><span class='ocrx_word' id='word_1_119' title='bbox 221 1904 275 1959; x_wconf 89' lang='grc' dir='ltr'>ΠΙ.</span> <span class='ocrx_word' id='word_1_120' title='bbox 312 1904 423 1962; x_wconf 85' lang='lat' dir='ltr'><strong>VARII</strong></span> <span class='ocrx_word' id='word_1_121' title='bbox 440 1901 645 1962; x_wconf 80' lang='lat' dir='ltr'>VERSICULI</span> <span class='ocrx_word' id='word_1_122' title='bbox 663 1903 804 1962; x_wconf 78' lang='lat' dir='ltr'>GRAECI</span> <span class='ocrx_word' id='word_1_123' title='bbox 820 1905 849 1961; x_wconf 88' lang='lat' dir='ltr'>A</span> <span class='ocrx_word' id='word_1_124' title='bbox 866 1903 1053 1966; x_wconf 80' lang='lat' dir='ltr'>OIOERONE</span> 
     </span>
     <span class='ocr_line' id='line_1_19' title="bbox 412 1987 865 2058; baseline 0.002 -14"><span class='ocrx_word' id='word_1_125' title='bbox 412 1988 455 2046; x_wconf 88' lang='lat' dir='ltr'>IN</span> <span class='ocrx_word' id='word_1_126' title='bbox 471 1988 652 2046; x_wconf 83' lang='lat' dir='ltr'><strong>LATINUM</strong></span> <span class='ocrx_word' id='word_1_127' title='bbox 670 1987 865 2058; x_wconf 80' lang='lat' dir='ltr'>OONVERSI.</span> 
     </span>
    </p>
   </div>
   <div class='ocr_carea' id='block_1_8' title="bbox 112 2094 1056 2341">
    <p class='ocr_par' dir='ltr' id='par_1_12' title="bbox 112 2094 1056 2341">
     <span class='ocr_line' id='line_1_20' title="bbox 162 2094 866 2170; baseline -0.003 -12"><span class='ocrx_word' id='word_1_128' title='bbox 162 2094 188 2158; x_wconf 95' lang='grc'>1.</span> <span class='ocrx_word' id='word_1_129' title='bbox 209 2115 282 2170; x_wconf 84' lang='lat' dir='ltr'>quaa</span> <span class='ocrx_word' id='word_1_130' title='bbox 294 2100 408 2154; x_wconf 86' lang='lat' dir='ltr'>tandem</span> <span class='ocrx_word' id='word_1_131' title='bbox 420 2103 463 2154; x_wconf 88' lang='lat' dir='ltr'>ast</span> <span class='ocrx_word' id='word_1_132' title='bbox 474 2098 636 2170; x_wconf 80' lang='lat' dir='ltr'>Epicharmi</span> <span class='ocrx_word' id='word_1_133' title='bbox 646 2099 701 2154; x_wconf 88' lang='lat' dir='ltr'>ista</span> <span class='ocrx_word' id='word_1_134' title='bbox 712 2101 866 2156; x_wconf 80' lang='lat' dir='ltr'>sententia?</span> 
     </span>
     <span class='ocr_line' id='line_1_21' title="bbox 182 2179 1056 2256; baseline 0.003 -12"><span class='ocrx_word' id='word_1_135' title='bbox 182 2181 278 2245; x_wconf 88' lang='lat' dir='ltr'>emori</span> <span class='ocrx_word' id='word_1_136' title='bbox 295 2180 382 2256; x_wconf 87' lang='lat' dir='ltr'>nolo,</span> <span class='ocrx_word' id='word_1_137' title='bbox 400 2179 457 2243; x_wconf 92' lang='lat' dir='ltr'>sed</span> <span class='ocrx_word' id='word_1_138' title='bbox 474 2201 526 2244; x_wconf 92' lang='lat' dir='ltr'>me</span> <span class='ocrx_word' id='word_1_139' title='bbox 544 2201 613 2244; x_wconf 90' lang='lat' dir='ltr'>esse</span> <span class='ocrx_word' id='word_1_140' title='bbox 630 2191 791 2245; x_wconf 88' lang='lat' dir='ltr'>mortuum</span> <span class='ocrx_word' id='word_1_141' title='bbox 808 2180 898 2245; x_wconf 87' lang='lat' dir='ltr'>nihili</span> <span class='ocrx_word' id='word_1_142' title='bbox 916 2183 1056 2248; x_wconf 73' lang='lat' dir='ltr'>aest-ime.</span> 
     </span>
     <span class='ocr_line' id='line_1_22' title="bbox 112 2264 1044 2341; baseline 0.004 -21"><span class='ocrx_word' id='word_1_143' title='bbox 112 2264 212 2324; x_wconf 79' lang='lat' dir='ltr'>Cicero</span> <span class='ocrx_word' id='word_1_144' title='bbox 222 2271 310 2326; x_wconf 75' lang='lat' dir='ltr'>Tuae.</span> <span class='ocrx_word' id='word_1_145' title='bbox 324 2269 395 2341; x_wconf 88' lang='lat' dir='ltr'>disp.</span> <span class='ocrx_word' id='word_1_146' title='bbox 408 2269 432 2338; x_wconf 92' lang='lat' dir='ltr'>I,</span> <span class='ocrx_word' id='word_1_147' title='bbox 444 2269 486 2323; x_wconf 84' lang='lat'>15.</span> <span class='ocrx_word' id='word_1_148' title='bbox 500 2267 587 2324; x_wconf 84' lang='lat' dir='ltr'>Sext.</span> <span class='ocrx_word' id='word_1_149' title='bbox 600 2269 721 2340; x_wconf 84' lang='lat' dir='ltr'>Empir.</span> <span class='ocrx_word' id='word_1_150' title='bbox 734 2271 795 2326; x_wconf 83' lang='lat' dir='ltr'>adv.</span> <span class='ocrx_word' id='word_1_151' title='bbox 808 2271 936 2326; x_wconf 85' lang='lat' dir='ltr'>mathem.</span> <span class='ocrx_word' id='word_1_152' title='bbox 949 2270 972 2340; x_wconf 92' lang='lat'>1,</span> <span class='ocrx_word' id='word_1_153' title='bbox 984 2273 1044 2326; x_wconf 80' lang='grc'><strong>273.</strong></span> 
     </span>
    </p>
   </div>
   <div class='ocr_carea' id='block_1_9' title="bbox 163 2349 1185 2423">
    <p class='ocr_par' dir='ltr' id='par_1_13' title="bbox 163 2349 1185 2423">
     <span class='ocr_line' id='line_1_23' title="bbox 163 2349 1185 2423; baseline -0.001 -11"><span class='ocrx_word' id='word_1_154' title='bbox 163 2349 190 2412; x_wconf 81' lang='grc'>2.</span> <span class='ocrx_word' id='word_1_155' title='bbox 212 2355 302 2409; x_wconf 86' lang='lat' dir='ltr'>simile</span> <span class='ocrx_word' id='word_1_156' title='bbox 319 2353 451 2423; x_wconf 84' lang='lat' dir='ltr'>quiddam</span> <span class='ocrx_word' id='word_1_157' title='bbox 467 2355 553 2408; x_wconf 89' lang='lat' dir='ltr'>estin</span> <span class='ocrx_word' id='word_1_158' title='bbox 570 2352 760 2410; x_wconf 77' lang='lat' dir='ltr'>Consolatione</span> <span class='ocrx_word' id='word_1_159' title='bbox 778 2353 923 2410; x_wconf 74' lang='lat' dir='ltr'>Crantoris.</span> <span class='ocrx_word' id='word_1_160' title='bbox 965 2356 1005 2410; x_wconf 90' lang='lat' dir='ltr'>ait</span> <span class='ocrx_word' id='word_1_161' title='bbox 1020 2356 1092 2410; x_wconf 89' lang='lat' dir='ltr'>enim</span> <span class='ocrx_word' id='word_1_162' title='bbox 1106 2355 1185 2412; x_wconf 82' lang='lat' dir='ltr'>Teri-</span> 
     </span>
    </p>
   </div>
   <div class='ocr_carea' id='block_1_10' title="bbox 110 2428 1186 2624">
    <p class='ocr_par' dir='ltr' id='par_1_14' title="bbox 110 2428 1186 2624">
     <span class='ocr_line' id='line_1_24' title="bbox 110 2428 1186 2513; baseline 0.003 -29"><span class='ocrx_word' id='word_1_163' title='bbox 110 2444 196 2507; x_wconf 74' lang='lat' dir='ltr'>paeum</span> <span class='ocrx_word' id='word_1_164' title='bbox 209 2431 349 2512; x_wconf 77' lang='lat' dir='ltr'>quendam</span> <span class='ocrx_word' id='word_1_165' title='bbox 362 2428 501 2501; x_wconf 86' lang='lat' dir='ltr'>Elysium,</span> <span class='ocrx_word' id='word_1_166' title='bbox 518 2447 580 2486; x_wconf 89' lang='lat' dir='ltr'>cum</span> <span class='ocrx_word' id='word_1_167' title='bbox 596 2431 783 2512; x_wconf 29' lang='lat' dir='ltr'>graviterufilii</span> <span class='ocrx_word' id='word_1_168' title='bbox 794 2437 908 2486; x_wconf 85' lang='lat' dir='ltr'>mortem</span> <span class='ocrx_word' id='word_1_169' title='bbox 919 2436 1067 2513; x_wconf 65' lang='lat' dir='ltr'>maereret,</span> <span class='ocrx_word' id='word_1_170' title='bbox 1079 2433 1186 2488; x_wconf 81' lang='lat' dir='ltr'>venisse</span> 
     </span>
     <span class='ocr_line' id='line_1_25' title="bbox 110 2499 1186 2624; baseline 0.001 -5"><span class='ocrx_word' id='word_1_171' title='bbox 110 2501 384 2624; x_wconf 65' lang='lat' dir='ltr'>htthuhht</span> <span class='ocrx_word' id='word_1_172' title='bbox 394 2499 897 2623; x_wconf 38' lang='lat' dir='ltr'>titubantibus&amp;</span> <span class='ocrx_word' id='word_1_173' title='bbox 915 2499 1077 2554; x_wconf 53' lang='lat' dir='ltr'>“mm</span> <span class='ocrx_word' id='word_1_174' title='bbox 1090 2515 1186 2572; x_wconf 52' lang='lat' dir='ltr'>⁰²⁰⁹a³</span> 
     </span>
    </p>
   </div>
   <div class='ocr_carea' id='block_1_11' title="bbox 111 2645 1186 3231">
    <p class='ocr_par' dir='ltr' id='par_1_15' title="bbox 111 2645 1186 3231">
     <span class='ocr_line' id='line_1_26' title="bbox 182 2645 913 2711; baseline -0.001 -1"><span class='ocrx_word' id='word_1_175' title='bbox 182 2646 193 2710; x_wconf 94' lang='lat' dir='ltr'>i</span> <span class='ocrx_word' id='word_1_176' title='bbox 237 2647 303 2711; x_wconf 87' lang='lat' dir='ltr'>aris</span> <span class='ocrx_word' id='word_1_177' title='bbox 320 2645 463 2710; x_wconf 88' lang='lat' dir='ltr'>homines</span> <span class='ocrx_word' id='word_1_178' title='bbox 481 2646 515 2711; x_wconf 90' lang='lat' dir='ltr'>in</span> <span class='ocrx_word' id='word_1_179' title='bbox 533 2647 599 2710; x_wconf 88' lang='lat' dir='ltr'>vita</span> <span class='ocrx_word' id='word_1_180' title='bbox 616 2646 776 2710; x_wconf 90' lang='lat' dir='ltr'>mentibus</span> <span class='ocrx_word' id='word_1_181' title='bbox 795 2657 913 2710; x_wconf 88' lang='lat' dir='ltr'>errant:</span> 
     </span>
     <span class='ocr_line' id='line_1_27' title="bbox 182 2669 941 2816; baseline -0.001 -21"><span class='ocrx_word' id='word_1_182' title='bbox 182 2669 374 2816; x_wconf 56' lang='lat' dir='ltr'>ffithynous</span> <span class='ocrx_word' id='word_1_183' title='bbox 391 2731 519 2816; x_wconf 85' lang='lat' dir='ltr'>potitur,</span> <span class='ocrx_word' id='word_1_184' title='bbox 537 2730 677 2795; x_wconf 82' lang='lat' dir='ltr'>fatorum</span> <span class='ocrx_word' id='word_1_185' title='bbox 694 2731 834 2807; x_wconf 89' lang='lat' dir='ltr'>numine,</span> <span class='ocrx_word' id='word_1_186' title='bbox 852 2731 941 2795; x_wconf 80' lang='lat' dir='ltr'>lete.</span> 
     </span>
     <span class='ocr_line' id='line_1_28' title="bbox 183 2813 821 2900; baseline 0 -20"><span class='ocrx_word' id='word_1_187' title='bbox 183 2816 226 2880; x_wconf 89' lang='lat' dir='ltr'>sie</span> <span class='ocrx_word' id='word_1_188' title='bbox 242 2817 308 2880; x_wconf 86' lang='lat' dir='ltr'>fuit</span> <span class='ocrx_word' id='word_1_189' title='bbox 324 2813 431 2879; x_wconf 91' lang='lat' dir='ltr'>utilius</span> <span class='ocrx_word' id='word_1_190' title='bbox 448 2815 532 2879; x_wconf 91' lang='lat' dir='ltr'>finiri</span> <span class='ocrx_word' id='word_1_191' title='bbox 548 2815 673 2900; x_wconf 85' lang='lat' dir='ltr'>ipsique</span> <span class='ocrx_word' id='word_1_192' title='bbox 691 2813 821 2898; x_wconf 92' lang='lat' dir='ltr'>tibique.</span> 
     </span>
     <span class='ocr_line' id='line_1_29' title="bbox 112 2897 1143 2978; baseline 0.007 -23"><span class='ocrx_word' id='word_1_193' title='bbox 112 2897 216 2960; x_wconf 79' lang='lat' dir='ltr'>Cicero</span> <span class='ocrx_word' id='word_1_194' title='bbox 228 2907 315 2960; x_wconf 82' lang='lat' dir='ltr'>Tusc.</span> <span class='ocrx_word' id='word_1_195' title='bbox 329 2905 399 2977; x_wconf 88' lang='lat' dir='ltr'>disp.</span> <span class='ocrx_word' id='word_1_196' title='bbox 411 2904 435 2976; x_wconf 90' lang='lat'>1,</span> <span class='ocrx_word' id='word_1_197' title='bbox 448 2905 506 2960; x_wconf 85' lang='lat'>115.</span> <span class='ocrx_word' id='word_1_198' title='bbox 519 2903 722 2962; x_wconf 75' lang='lat' dir='ltr'>Plutarchus</span> <span class='ocrx_word' id='word_1_199' title='bbox 735 2902 842 2963; x_wconf 81' lang='lat' dir='ltr'>Consul.</span> <span class='ocrx_word' id='word_1_200' title='bbox 855 2907 891 2960; x_wconf 90' lang='lat' dir='ltr'>ad</span> <span class='ocrx_word' id='word_1_201' title='bbox 902 2905 1031 2978; x_wconf 89' lang='lat' dir='ltr'>Apollon.</span> <span class='ocrx_word' id='word_1_202' title='bbox 1043 2925 1071 2978; x_wconf 90' lang='lat' dir='ltr'>p.</span> <span class='ocrx_word' id='word_1_203' title='bbox 1085 2908 1143 2964; x_wconf 82' lang='lat'>109.</span> 
     </span>
     <span class='ocr_line' id='line_1_30' title="bbox 165 2985 1186 3062; baseline -0.002 -14"><span class='ocrx_word' id='word_1_204' title='bbox 165 2985 191 3048; x_wconf 86' lang='lat'>3.</span> <span class='ocrx_word' id='word_1_205' title='bbox 212 2991 311 3047; x_wconf 87' lang='lat' dir='ltr'>melior</span> <span class='ocrx_word' id='word_1_206' title='bbox 320 2990 403 3045; x_wconf 85' lang='lat' dir='ltr'>Ennii</span> <span class='ocrx_word' id='word_1_207' title='bbox 421 3004 504 3059; x_wconf 89' lang='lat' dir='ltr'>quam</span> <span class='ocrx_word' id='word_1_208' title='bbox 521 2987 628 3045; x_wconf 84' lang='lat' dir='ltr'>Solonis</span> <span class='ocrx_word' id='word_1_209' title='bbox 646 2990 740 3046; x_wconf 88' lang='lat' dir='ltr'>oratio.</span> <span class='ocrx_word' id='word_1_210' title='bbox 775 2990 821 3046; x_wconf 89' lang='lat' dir='ltr'>hic</span> <span class='ocrx_word' id='word_1_211' title='bbox 838 2991 911 3062; x_wconf 87' lang='lat' dir='ltr'>enim</span> <span class='ocrx_word' id='word_1_212' title='bbox 925 2996 1017 3046; x_wconf 72' lang='lat' dir='ltr'>nodet</span> <span class='ocrx_word' id='word_1_213' title='bbox 1033 2994 1126 3047; x_wconf 84' lang='lat' dir='ltr'>‘nemo</span> <span class='ocrx_word' id='word_1_214' title='bbox 1141 3009 1186 3046; x_wconf 89' lang='lat' dir='ltr'>me</span> 
     </span>
     <span class='ocr_line' id='line_1_31' title="bbox 111 3062 1134 3138; baseline 0.001 -18"><span class='ocrx_word' id='word_1_215' title='bbox 111 3062 217 3123; x_wconf 81' lang='lat' dir='ltr'>lacrimis</span> <span class='ocrx_word' id='word_1_216' title='bbox 228 3066 353 3122; x_wconf 86' lang='lat' dir='ltr'>decoret’</span> <span class='ocrx_word' id='word_1_217' title='bbox 364 3066 456 3136; x_wconf 87' lang='lat' dir='ltr'>inquit</span> <span class='ocrx_word' id='word_1_218' title='bbox 467 3069 531 3121; x_wconf 87' lang='lat' dir='ltr'>‘nec</span> <span class='ocrx_word' id='word_1_219' title='bbox 542 3065 641 3122; x_wconf 84' lang='lat' dir='ltr'>hmera</span> <span class='ocrx_word' id='word_1_220' title='bbox 652 3065 721 3122; x_wconf 90' lang='lat' dir='ltr'>fletu</span> <span class='ocrx_word' id='word_1_221' title='bbox 731 3065 825 3121; x_wconf 82' lang='lat' dir='ltr'>faxitl’</span> <span class='ocrx_word' id='word_1_222' title='bbox 837 3073 867 3122; x_wconf 81' lang='lat' dir='ltr'>at</span> <span class='ocrx_word' id='word_1_223' title='bbox 877 3084 942 3122; x_wconf 80' lang='lat' dir='ltr'>vero</span> <span class='ocrx_word' id='word_1_224' title='bbox 952 3068 1000 3122; x_wconf 90' lang='lat' dir='ltr'>ille</span> <span class='ocrx_word' id='word_1_225' title='bbox 1011 3068 1134 3138; x_wconf 86' lang='lat' dir='ltr'>sapiens:</span> 
     </span>
     <span class='ocr_line' id='line_1_32' title="bbox 183 3145 1107 3231; baseline -0.001 -20"><span class='ocrx_word' id='word_1_226' title='bbox 183 3169 268 3212; x_wconf 87' lang='lat' dir='ltr'>mors</span> <span class='ocrx_word' id='word_1_227' title='bbox 294 3169 366 3212; x_wconf 92' lang='lat' dir='ltr'>mea</span> <span class='ocrx_word' id='word_1_228' title='bbox 391 3168 432 3213; x_wconf 88' lang='lat' dir='ltr'>ne</span> <span class='ocrx_word' id='word_1_229' title='bbox 458 3156 563 3212; x_wconf 87' lang='lat' dir='ltr'>eareat</span> <span class='ocrx_word' id='word_1_230' title='bbox 588 3146 740 3212; x_wconf 77' lang='lat' dir='ltr'>lacrimis:</span> <span class='ocrx_word' id='word_1_231' title='bbox 767 3147 948 3231; x_wconf 84' lang='lat' dir='ltr'>linquamus</span> <span class='ocrx_word' id='word_1_232' title='bbox 975 3145 1107 3227; x_wconf 26' lang='lat' dir='ltr'>amicis·</span> 
     </span>
    </p>
   </div>
   <div class='ocr_carea' id='block_1_12' title="bbox 112 3230 1186 3555">
    <p class='ocr_par' dir='ltr' id='par_1_16' title="bbox 112 3230 1186 3555">
     <span class='ocr_line' id='line_1_33' title="bbox 268 3230 1058 3316; baseline -0.004 -20"><span class='ocrx_word' id='word_1_233' title='bbox 268 3253 454 3309; x_wconf 88' lang='lat' dir='ltr'>maerorem,</span> <span class='ocrx_word' id='word_1_234' title='bbox 472 3241 509 3296; x_wconf 90' lang='lat' dir='ltr'>ut</span> <span class='ocrx_word' id='word_1_235' title='bbox 526 3231 685 3297; x_wconf 88' lang='lat' dir='ltr'>eelebrent</span> <span class='ocrx_word' id='word_1_236' title='bbox 702 3231 817 3299; x_wconf 88' lang='lat' dir='ltr'>funera</span> <span class='ocrx_word' id='word_1_237' title='bbox 835 3254 908 3298; x_wconf 90' lang='lat' dir='ltr'>cum</span> <span class='ocrx_word' id='word_1_238' title='bbox 925 3230 1058 3316; x_wconf 84' lang='lat' dir='ltr'>gemitu.</span> 
     </span>
     <span class='ocr_line' id='line_1_34' title="bbox 114 3313 1185 3394; baseline 0.005 -23"><span class='ocrx_word' id='word_1_239' title='bbox 114 3313 216 3376; x_wconf 77' lang='lat' dir='ltr'>Cicero</span> <span class='ocrx_word' id='word_1_240' title='bbox 227 3322 312 3377; x_wconf 84' lang='lat' dir='ltr'>Tuae.</span> <span class='ocrx_word' id='word_1_241' title='bbox 325 3321 396 3394; x_wconf 90' lang='lat' dir='ltr'>disp.</span> <span class='ocrx_word' id='word_1_242' title='bbox 408 3321 432 3392; x_wconf 82' lang='grc' dir='ltr'>Ι,</span> <span class='ocrx_word' id='word_1_243' title='bbox 445 3321 504 3376; x_wconf 86' lang='grc'><strong>117.</strong></span> <span class='ocrx_word' id='word_1_244' title='bbox 517 3321 563 3390; x_wconf 82' lang='lat' dir='ltr'>(dc</span> <span class='ocrx_word' id='word_1_245' title='bbox 575 3327 676 3377; x_wconf 86' lang='lat' dir='ltr'>seneot.</span> <span class='ocrx_word' id='word_1_246' title='bbox 690 3325 714 3388; x_wconf 66' lang='grc' dir='ltr'>ξ.</span> <span class='ocrx_word' id='word_1_247' title='bbox 727 3322 780 3391; x_wconf 80' lang='lat'>73.)</span> <span class='ocrx_word' id='word_1_248' title='bbox 792 3319 900 3378; x_wconf 81' lang='lat' dir='ltr'>Solon.</span> <span class='ocrx_word' id='word_1_249' title='bbox 912 3321 947 3376; x_wconf 82' lang='lat' dir='ltr'>fr.</span> <span class='ocrx_word' id='word_1_250' title='bbox 959 3320 1002 3376; x_wconf 91' lang='grc'>21.</span> <span class='ocrx_word' id='word_1_251' title='bbox 1016 3317 1185 3376; x_wconf 84' lang='lat' dir='ltr'>Schneidew.</span> 
     </span>
     <span class='ocr_line' id='line_1_35' title="bbox 165 3399 1186 3478; baseline -0.001 -15"><span class='ocrx_word' id='word_1_252' title='bbox 165 3399 194 3463; x_wconf 87' lang='grc'>4.</span> <span class='ocrx_word' id='word_1_253' title='bbox 215 3411 259 3462; x_wconf 88' lang='lat' dir='ltr'>est</span> <span class='ocrx_word' id='word_1_254' title='bbox 268 3405 298 3461; x_wconf 87' lang='lat' dir='ltr'>in</span> <span class='ocrx_word' id='word_1_255' title='bbox 310 3406 404 3476; x_wconf 83' lang='lat' dir='ltr'>ahqua</span> <span class='ocrx_word' id='word_1_256' title='bbox 414 3407 473 3462; x_wconf 84' lang='lat' dir='ltr'>vita</span> <span class='ocrx_word' id='word_1_257' title='bbox 483 3405 671 3478; x_wconf 83' lang='lat' dir='ltr'>praedicabile</span> <span class='ocrx_word' id='word_1_258' title='bbox 688 3405 793 3476; x_wconf 86' lang='lat' dir='ltr'>aliquid</span> <span class='ocrx_word' id='word_1_259' title='bbox 805 3410 834 3462; x_wconf 86' lang='lat' dir='ltr'>et</span> <span class='ocrx_word' id='word_1_260' title='bbox 848 3405 1020 3478; x_wconf 85' lang='lat' dir='ltr'>gloriandum</span> <span class='ocrx_word' id='word_1_261' title='bbox 1032 3421 1066 3462; x_wconf 86' lang='lat' dir='ltr'>ac</span> <span class='ocrx_word' id='word_1_262' title='bbox 1075 3423 1144 3478; x_wconf 86' lang='lat' dir='ltr'>prae</span> <span class='ocrx_word' id='word_1_263' title='bbox 1156 3422 1186 3462; x_wconf 84' lang='lat' dir='ltr'>sa</span> 
     </span>
     <span class='ocr_line' id='line_1_36' title="bbox 112 3476 891 3555; baseline 0.008 -24"><span class='ocrx_word' id='word_1_264' title='bbox 112 3476 250 3554; x_wconf 83' lang='lat' dir='ltr'>ferendum,</span> <span class='ocrx_word' id='word_1_265' title='bbox 261 3487 295 3536; x_wconf 82' lang='lat' dir='ltr'>ut</span> <span class='ocrx_word' id='word_1_266' title='bbox 304 3483 525 3555; x_wconf 83' lang='lat' dir='ltr'>Epaminondas:</span> <span class='ocrx_word' id='word_1_267' title='bbox 889 3521 891 3527; x_wconf 86' lang='lat'><em>-</em></span> 
     </span>
    </p>
   </div>
   <div class='ocr_carea' id='block_1_13' title="bbox 114 3561 943 3724">
    <p class='ocr_par' dir='ltr' id='par_1_17' title="bbox 114 3561 943 3724">
     <span class='ocr_line' id='line_1_37' title="bbox 186 3561 943 3628; baseline 0 -2"><span class='ocrx_word' id='word_1_268' title='bbox 186 3561 324 3627; x_wconf 88' lang='lat' dir='ltr'>consiliis</span> <span class='ocrx_word' id='word_1_269' title='bbox 339 3564 455 3628; x_wconf 87' lang='lat' dir='ltr'>nostris</span> <span class='ocrx_word' id='word_1_270' title='bbox 472 3564 542 3627; x_wconf 89' lang='lat' dir='ltr'>laus</span> <span class='ocrx_word' id='word_1_271' title='bbox 560 3572 609 3627; x_wconf 90' lang='lat' dir='ltr'>est</span> <span class='ocrx_word' id='word_1_272' title='bbox 626 3572 750 3628; x_wconf 89' lang='lat' dir='ltr'>attonsa</span> <span class='ocrx_word' id='word_1_273' title='bbox 766 3561 943 3627; x_wconf 86' lang='lat' dir='ltr'>Laeonum.</span> 
     </span>
     <span class='ocr_line' id='line_1_38' title="bbox 114 3643 869 3724; baseline 0.007 -23"><span class='ocrx_word' id='word_1_274' title='bbox 114 3643 217 3707; x_wconf 79' lang='lat' dir='ltr'>Cicero</span> <span class='ocrx_word' id='word_1_275' title='bbox 228 3651 312 3707; x_wconf 86' lang='lat' dir='ltr'>Tuae.</span> <span class='ocrx_word' id='word_1_276' title='bbox 326 3652 396 3724; x_wconf 87' lang='lat' dir='ltr'>disp.</span> <span class='ocrx_word' id='word_1_277' title='bbox 408 3653 445 3723; x_wconf 89' lang='lat' dir='ltr'>V,</span> <span class='ocrx_word' id='word_1_278' title='bbox 457 3652 500 3706; x_wconf 83' lang='lat'>49.</span> <span class='ocrx_word' id='word_1_279' title='bbox 512 3649 654 3708; x_wconf 85' lang='lat' dir='ltr'>Pausan.</span> <span class='ocrx_word' id='word_1_280' title='bbox 666 3649 719 3722; x_wconf 83' lang='lat' dir='ltr'>lx,</span> <span class='ocrx_word' id='word_1_281' title='bbox 732 3653 774 3722; x_wconf 84' lang='lat'>15,</span> <span class='ocrx_word' id='word_1_282' title='bbox 786 3651 832 3720; x_wconf 81' lang='lat'>(4.)</span> <span class='ocrx_word' id='word_1_283' title='bbox 844 3652 869 3706; x_wconf 92' lang='grc'>6.</span> 
     </span>
    </p>
   </div>
   <div class='ocr_carea' id='block_1_14' title="bbox 124 3730 1187 3888">
    <p class='ocr_par' dir='ltr' id='par_1_18' title="bbox 124 3730 1187 3888">
     <span class='ocr_line' id='line_1_39' title="bbox 166 3730 1187 3810; baseline -0.004 -16"><span class='ocrx_word' id='word_1_284' title='bbox 166 3730 194 3794; x_wconf 81' lang='lat'>5.</span> <span class='ocrx_word' id='word_1_285' title='bbox 216 3738 240 3792; x_wconf 88' lang='lat' dir='ltr'>si</span> <span class='ocrx_word' id='word_1_286' title='bbox 251 3738 321 3792; x_wconf 90' lang='lat' dir='ltr'>nihil</span> <span class='ocrx_word' id='word_1_287' title='bbox 331 3737 365 3793; x_wconf 89' lang='lat' dir='ltr'>fit</span> <span class='ocrx_word' id='word_1_288' title='bbox 376 3743 452 3793; x_wconf 83' lang='lat' dir='ltr'>cxha</span> <span class='ocrx_word' id='word_1_289' title='bbox 463 3737 560 3809; x_wconf 86' lang='lat' dir='ltr'>fatum,</span> <span class='ocrx_word' id='word_1_290' title='bbox 571 3737 641 3792; x_wconf 88' lang='lat' dir='ltr'>nihil</span> <span class='ocrx_word' id='word_1_291' title='bbox 651 3737 737 3792; x_wconf 83' lang='lat' dir='ltr'>levari</span> <span class='ocrx_word' id='word_1_292' title='bbox 748 3753 778 3792; x_wconf 90' lang='lat' dir='ltr'>re</span> <span class='ocrx_word' id='word_1_293' title='bbox 791 3736 883 3792; x_wconf 85' lang='lat' dir='ltr'>divina</span> <span class='ocrx_word' id='word_1_294' title='bbox 893 3741 993 3810; x_wconf 83' lang='lat' dir='ltr'>potest</span> <span class='ocrx_word' id='word_1_295' title='bbox 1011 3765 1037 3778; x_wconf 93' lang='lat'>··</span> <span class='ocrx_word' id='word_1_296' title='bbox 1048 3735 1102 3790; x_wconf 88' lang='lat' dir='ltr'>hoc</span> <span class='ocrx_word' id='word_1_297' title='bbox 1112 3734 1187 3790; x_wconf 81' lang='lat' dir='ltr'>idem</span> 
     </span>
     <span class='ocr_line' id='line_1_40' title="bbox 124 3808 839 3888; baseline -0.003 -18"><span class='ocrx_word' id='word_1_298' title='bbox 124 3808 240 3888; x_wconf 73' lang='lat' dir='ltr'>ignificat</span> <span class='ocrx_word' id='word_1_299' title='bbox 251 3813 373 3870; x_wconf 77' lang='lat' dir='ltr'>Graecus</span> <span class='ocrx_word' id='word_1_300' title='bbox 385 3815 433 3870; x_wconf 90' lang='lat' dir='ltr'>ille</span> <span class='ocrx_word' id='word_1_301' title='bbox 443 3815 473 3870; x_wconf 92' lang='lat' dir='ltr'>in</span> <span class='ocrx_word' id='word_1_302' title='bbox 485 3831 545 3870; x_wconf 91' lang='lat' dir='ltr'>eam</span> <span class='ocrx_word' id='word_1_303' title='bbox 559 3815 722 3873; x_wconf 83' lang='lat' dir='ltr'>senientiam</span> <span class='ocrx_word' id='word_1_304' title='bbox 732 3831 839 3870; x_wconf 84' lang='lat' dir='ltr'>versus:</span> 
     </span>
    </p>
   </div>
   <div class='ocr_carea' id='block_1_15' title="bbox 115 3891 1185 4134">
    <p class='ocr_par' dir='ltr' id='par_1_19' title="bbox 115 3891 1185 4134">
     <span class='ocr_line' id='line_1_41' title="bbox 187 3891 1101 3981; baseline -0.002 -23"><span class='ocrx_word' id='word_1_305' title='bbox 187 3895 271 3976; x_wconf 91' lang='lat' dir='ltr'>quod</span> <span class='ocrx_word' id='word_1_306' title='bbox 284 3894 352 3960; x_wconf 87' lang='lat' dir='ltr'>fore</span> <span class='ocrx_word' id='word_1_307' title='bbox 365 3906 511 3981; x_wconf 88' lang='lat' dir='ltr'>paratum</span> <span class='ocrx_word' id='word_1_308' title='bbox 522 3906 579 3973; x_wconf 89' lang='lat' dir='ltr'>est,</span> <span class='ocrx_word' id='word_1_309' title='bbox 588 3895 622 3959; x_wconf 91' lang='lat' dir='ltr'>id</span> <span class='ocrx_word' id='word_1_310' title='bbox 635 3918 794 3960; x_wconf 92' lang='lat' dir='ltr'>summum</span> <span class='ocrx_word' id='word_1_311' title='bbox 803 3902 972 3978; x_wconf 82' lang='lat' dir='ltr'>exsuperat</span> <span class='ocrx_word' id='word_1_312' title='bbox 980 3891 1101 3956; x_wconf 85' lang='lat' dir='ltr'>Iovem.</span> 
     </span>
     <span class='ocr_line' id='line_1_42' title="bbox 115 3974 497 4056; baseline 0.021 -24"><span class='ocrx_word' id='word_1_313' title='bbox 115 3974 218 4038; x_wconf 77' lang='lat' dir='ltr'>dicero</span> <span class='ocrx_word' id='word_1_314' title='bbox 230 3985 265 4040; x_wconf 91' lang='lat' dir='ltr'>de</span> <span class='ocrx_word' id='word_1_315' title='bbox 278 3985 389 4040; x_wconf 85' lang='lat' dir='ltr'>divinat.</span> <span class='ocrx_word' id='word_1_316' title='bbox 402 3985 441 4056; x_wconf 86' lang='lat'>11,</span> <span class='ocrx_word' id='word_1_317' title='bbox 453 3985 497 4042; x_wconf 80' lang='grc'>25.</span> 
     </span>
     <span class='ocr_line' id='line_1_43' title="bbox 168 4053 1185 4134; baseline -0.006 -16"><span class='ocrx_word' id='word_1_318' title='bbox 168 4053 197 4119; x_wconf 90' lang='grc'>6.</span> <span class='ocrx_word' id='word_1_319' title='bbox 218 4060 373 4118; x_wconf 85' lang='lat' dir='ltr'>obiciuntur</span> <span class='ocrx_word' id='word_1_320' title='bbox 382 4062 465 4120; x_wconf 87' lang='lat' dir='ltr'>etiam</span> <span class='ocrx_word' id='word_1_321' title='bbox 475 4079 558 4134; x_wconf 85' lang='lat' dir='ltr'>saepe</span> <span class='ocrx_word' id='word_1_322' title='bbox 568 4061 680 4134; x_wconf 83' lang='lat' dir='ltr'>formae,</span> <span class='ocrx_word' id='word_1_323' title='bbox 690 4079 761 4134; x_wconf 85' lang='lat' dir='ltr'>quae</span> <span class='ocrx_word' id='word_1_324' title='bbox 769 4077 866 4133; x_wconf 85' lang='lat' dir='ltr'>reapse</span> <span class='ocrx_word' id='word_1_325' title='bbox 879 4060 970 4134; x_wconf 83' lang='lat' dir='ltr'>nullae</span> <span class='ocrx_word' id='word_1_326' title='bbox 983 4059 1054 4127; x_wconf 86' lang='lat' dir='ltr'>sunt,</span> <span class='ocrx_word' id='word_1_327' title='bbox 1064 4053 1185 4126; x_wconf 86' lang='lat' dir='ltr'>speciem</span> 
     </span>
    </p>
   </div>
   <div class='ocr_carea' id='block_1_16' title="bbox 0 0 1369 4554">
    <p class='ocr_par' dir='ltr' id='par_1_20' title="bbox 0 0 1369 4554">
     <span class='ocr_line' id='line_1_44' title="bbox 0 0 1369 4554; baseline 0 0"><span class='ocrx_word' id='word_1_328' title='bbox 0 0 1369 4554; x_wconf 95' lang='lat' dir='ltr'> </span> 
     </span>
    </p>
   </div>
  </div>
 </body>
</html>
