2674 4558
474 290 724 350 FRAGMENTA.
1104 279 1145 344 59

82 425 185 491 locorum,
196 425 337 490 terrarum,
351 424 382 474 ut
390 417 485 475 Cicero
497 419 528 474 iu
536 418 697 476 Hortensio:
713 426 768 480 aut
781 415 911 481 tandem
924 417 1050 495 doceas,
1060 417 1146 502 quod

82 503 120 566 vix
134 501 295 584 quoiquam
315 499 458 585 contigit.
495 503 631 560 Servius
643 507 680 560 ad
691 507 770 578 Virg.
783 507 854 562 Aen.
868 508 891 578 I,
903 508 963 562 331.

126 593 171 659 24,
188 613 286 671 urgere
299 603 343 652 est
357 614 490 670 premere,
502 613 610 669 cogere.
646 598 684 652 M.
698 599 807 654 Tullius
818 601 848 654 tn
860 600 1020 664 Hortensio:
1038 595 1146 680 itaque

78 694 141 819 pino,
158 678 335 817 Demfii‘iii
360 701 474 743 manus
505 678 696 764 argebatum
733 691 781 745 est
812 681 896 745 enirn
928 702 991 745 non
1018 703 1145 767 magna.

99 779 215 833 unlusp.
281 803 288 832 ,
336 803 343 815 .

123 833 168 898 25.
187 839 241 894 tria
257 844 323 894 sunt
344 854 448 910 genera
463 853 610 893 annorum:
632 843 681 892 aut
702 839 775 893 enim
795 839 899 894 lunaris
919 857 1007 896 annus
1029 845 1071 896 ost
1086 859 1146 895 m.

77 917 171 986 dierum,
190 920 239 970 ant
258 915 427 987 solstitialis,
447 933 493 970 xn.
513 914 592 970 milia
615 921 770 988 nongentos
791 935 843 972 arv.
861 932 956 988 annos,
978 923 1010 972 ut
1024 919 1054 972 in
1074 917 1146 972 Hor·

76 994 156 1049 tensio:
182 989 356 1053 ethorum
382 1009 553 1062 annorum,
585 1007 665 1069 quos
696 987 730 1051 in
756 987 847 1053 fastis
874 988 1046 1067 habemns,
1078 1012 1147 1053 ma·

75 1097 138 1206 gnus
152 1097 201 1138 ιιι.
219 1073 309 1138 milia
329 1093 472 1138 uoccmv.
491 1072 700 1156 amplectitur.
734 1076 874 1133 Servius
890 1081 928 1134 ad
943 1079 1023 1152 Virg.
1037 1079 1108 1134 Aen.
1121 1080 1145 1140 1,

87 1156 118 1210 69.
134 1172 260 1237 magnum
271 1172 377 1211 annum
390 1171 449 1210 esse
460 1154 605 1235 voluerunt
615 1155 742 1209 omnihus
774 1154 873 1237 lanatis
884 1155 914 1210 in
927 1158 1045 1238 eundem
1056 1157 1147 1238 locum

74 1225 259 1279 recurrentibus.
297 1223 391 1306 etheo
403 1221 447 1293 fit,
463 1229 495 1276 ut
506 1223 636 1304 drnmns,
654 1238 738 1303 secun
757 1239 805 1276 um
817 1220 957 1278 Orceroms
968 1225 1148 1306 IIortensrum

74 1293 365 1417 thtttittti
378 1296 532 1414 iiiiii}
547 1293 1147 1416 itt}ittutrthhhtththltitt·

73 1429 91 1480 is
100 1401 133 1482 est
142 1446 254 1511 magnus
266 1434 297 1484 et
306 1435 389 1483 reru's
401 1444 496 1509 annus,
509 1399 564 1498 qim
576 1399 677 1482 eadem’
686 1426 787 1498 positio
799 1426 870 1482 caeli
881 1427 1064 1498 siderumque,
1077 1401 1149 1498 quac’

74 1513 121 1549 enm
129 1515 240 1552 manme
252 1502 308 1580 est,
317 1513 426 1579 rursum
438 1501 559 1564 exsistet,
570 1497 649 1577 isque
659 1512 750 1578 annus·
757 1495 863 1566 horum,
876 1512 944 1566 quos
952 1513 1003 1551 nos
1010 1513 1148 1578 vocamus,

74 1565 1149 1757 pruistutg,u.t,rssstptrpppunffiutpsuctum

113 1718 313 1758 emmenseexs
360 1717 412 1756 sse.
467 1717 576 1757 acsus
648 1717 763 1756 ,cora
792 1718 881 1756 r1.c.
930 1742 936 1755 .

121 1782 167 1848 26.
188 1786 286 1844 Cicero
302 1805 366 1844 cum
381 1787 466 1843 vellet
480 1787 510 1842 in
522 1787 671 1842 HortensIo
684 1787 796 1860 dialogo
807 1786 844 1843 ab
860 1787 956 1859 aliqua
967 1804 998 1844 re
1010 1793 1099 1858 certa,
1112 1789 1147 1844 do

74 1873 207 1940 quantillus
218 1873 387 1948 ambigeret,
396 1889 504 1929 sumere
513 1889 579 1928 suae
589 1872 784 1945 disputationis
796 1875 944 1943 exordium,
956 1868 1042 1934 beati
1052 1880 1148 1944 certe,

75 1954 151 2028 inquit,
165 1975 276 2020 omnes
297 1976 366 2020 esse
384 1954 542 2018 volumus.
582 1959 794 2030 Augustinus
811 1959 846 2014 de
863 1959 964 2014 Trinit
981 1959 1069 2029 XIII,
1086 1977 1111 2014 c.
1122 1959 1149 2012 4.

75 2031 133 2088 testi
163 2035 246 2107 nippe
263 2053 360 2092 onmes
377 2035 590 2103 essevolumus,
611 2035 686 2105 quod
700 2035 756 2106 ipsi
766 2034 930 2092 Academici
944 2041 1016 2092 teste
1053 2041 1148 2091 atrono

76 2117 112 2182 ruo
120 2051 205 2158 Tillio
217 2105 311 2160 coacti
322 2109 386 2159 sunt
398 2103 535 2173 confiteri,
551 2103 635 2173 idque
646 2121 733 2158 unum
744 2121 804 2159 esse
817 2104 955 2174 dixerunt,
964 2121 1022 2175 ‚quo
1054 2104 1148 2175 dispu-

77 2171 158 2226 tnhone
168 2189 221 2227 non
234 2177 333 2246 egeat,
351 2173 424 2244 quod
441 2188 521 2226 nemo
534 2177 576 2227 est
591 2172 638 2242 qui
650 2189 704 2227 non
717 2177 836 2242 expetat.
872 2173 964 2227 Idem
977 2189 999 2227 o.
1011 2173 1150 2228 Iulianum

78 2236 113 2306 VI,
122 2240 159 2294 itt.
193 2241 228 2296 cf.
242 2243 331 2297 etiam
341 2241 464 2296 Iulium
476 2239 646 2296 Victorem
658 2245 692 2309 (c.
705 2241 730 2295 9.
743 2257 770 2311 p.
783 2240 834 2296 231
847 2240 890 2295 ed.
904 2239 988 2296 Orell.
1000 2259 1028 2313 p.
1040 2241 1102 2311 410,
1115 2241 1150 2295 14

77 2305 229 2380 eitiunt:
254 2310 477 2382 syllogismorum
496 2309 647 2380 propositio
663 2313 713 2363 aut
728 2308 855 2363 confessa
871 2313 914 2363 est
930 2314 979 2363 aut
993 2309 1149 2381 probanda:

77 2373 191 2448 auferes,
206 2383 239 2433 ut
255 2384 365 2434 ‘omnes
380 2379 493 2434 beatam
508 2377 594 2431 vitem
608 2377 701 2432 virere
716 2376 836 2446 volunt’3
853 2375 978 2445 sequitur
989 2393 1056 2448 ergo
1067 2393 1149 2496 argu·

76 2445 185 2500 mentatio
205 2453 233 2502 ct
249 2447 402 2503 conclusio:
426 2445 583 2516 probanda,
603 2449 635 2498 ut
659 2444 720 2516 ‘qui
734 2443 846 2498 beatam
860 2443 947 2497 vitam
961 2443 1053 2498 virere
1068 2460 1103 2498 vo
1114 2449 1151 2512 et,

76 2509 262 2585 philosophetur
284 2515 419 2596 oportet',
441 2514 589 2568 nonenim
610 2512 782 2579 conceditur,
802 2510 857 2564 nisi
877 2501 1038 2565 confirmata
1057 2509 1150 2564 fuerit.

76 2584 204 2702 ιξέιωριὶο
215 2600 327 2655 quoque
338 2583 449 2638 interrm
461 2581 587 2637 confessa
599 2585 650 2649 est,
661 2585 694 2634 ut
710 2583 817 2634 ‘omnes
830 2582 923 2632 autem
935 2578 1029 2633 volunt
1039 2579 1152 2633 beatem

76 2660 96 2698 vt
119 2651 259 2708 mirere!

125 2736 171 2802 27.
191 2745 319 2815 differre,
336 2745 448 2800 distare.
484 2743 523 2796 M.
536 2741 647 2796 Tullius
661 2740 692 2794 in
704 2740 866 2794 Hortensio:
893 2746 1048 2819 quantum
1069 2735 1152 2802 iuter

76 2820 255 2953 phomines
283 2824 410 2901 studiis,
436 2823 594 2897 moribus,
621 2820 708 2885 omni
736 2820 819 2886 vitae
843 2822 965 2887 ratione
992 2821 1149 2888 differant.

99 2907 404 3054 omurluliiiiffilsisiiutes
415 2982 531 3051 Nouius,
543 2982 692 3036 dissidentes
703 2979 851 3036 Patricius.

127 3077 173 3144 28.
196 3083 399 3157 praefractum,
421 3085 531 3154 durum,
552 3082 712 3140 inflexibile.
753 3082 792 3138 M.
810 3083 920 3139 Tullius
941 3083 971 3137 in
990 3084 1152 3139 Hortensio:

77 3157 116 3223 his
134 3167 305 3232 contrarius
326 3166 437 3230 Aristo
456 3163 571 3242 Chius,
594 3165 806 3250 praefractus,
829 3165 965 3230 ferrcus:
993 3163 1072 3228 nihil
1094 3163 1153 3228 bo·

76 3266 141 3311 num
154 3251 211 3316 nisi
230 3251 319 3335 quod
335 3263 457 3315 rectum
476 3261 508 3315 et
525 3250 694 3316 honestum
712 3262 770 3315 est.
804 3257 897 3310 Idem
908 3273 936 3326 p.
950 3253 1009 3324 155,
1020 3255 1062 3310 13.

130 3341 175 3408 29.
195 3351 306 3406 'Pullius
321 3351 352 3405 in
368 3349 530 3420 Hortensio,
551 3367 634 3421 quem
651 3350 686 3405 de
701 3350 785 3405 lauda
802 3366 836 3406 ac
853 3348 1012 3405 defensione
1033 3348 1153 3419 philoso-

77 3428 146 3497 phiae
159 3435 260 3492 librum
271 3435 348 3506 fecit,
374 3453 449 3497 ecce
467 3442 574 3497 autem
592 3437 713 3494 sitnon
730 3430 911 3516 philosophi
930 3428 1075 3513 quidem,
1097 3431 1154 3496 sed

96 3516 197 3601 rompti
219 3527 327 3581 tamen
349 3516 391 3580 ad
414 3516 641 3602 disputandum
663 3516 822 3592 homines,
848 3515 951 3580 omnis
974 3515 1063 3580 aiunt
1085 3539 1155 3582 esse

128 3609 185 3679 tos,
207 3602 264 3684 qui
285 3602 408 3678 vivant,
430 3612 468 3666 ut
488 3601 550 3687 ipsi
566 3602 673 3666 velint.
717 3601 833 3666 falsum
851 3600 885 3664 id
905 3601 1048 3684 quidem3
1073 3602 1155 3667 velle

79 3681 161 3760 emm,
182 3688 269 3772 quod
286 3688 493 3762 nondeceat,
519 3685 554 3751 id
574 3687 680 3773 ipsum
697 3685 910 3752 miserrimum
931 3697 992 3761 est,
1011 3697 1156 3752 nectam

82 3765 213 3836 mitorum
238 3783 287 3837 est
312 3795 377 3836 non
407 3772 541 3858 adipisci
566 3772 653 3855 quod
684 3772 762 3837 velis
789 3792 886 3855 quam
915 3771 1048 3856 adipisci
1075 3769 1156 3833 velle

80 3855 153 3930 quod
171 3880 236 3923 non
258 3868 416 3942 oporteat3
437 3859 510 3943 plus
532 3857 617 3923 enim
638 3857 715 3921 mali
737 3857 878 3942 pravitas
904 3854 1076 3921 voluntatis
1100 3851 1157 3915 ad·

81 3933 131 4002 lert
148 3963 242 4026 quam
263 3943 392 4008 fortuna
414 3943 564 4027 cuiquam
585 3942 671 4007 boni.
704 3947 916 4019 Augustinus
938 3946 973 3999 de
994 3943 1078 3998 besta
1097 3941 1156 3996 vita

80 4031 99 4068 t·
110 4020 145 4075 10.
157 4025 189 4080 de
201 4024 302 4080 Trinit.
313 4025 396 4095 XIII,
407 4025 434 4094 5,
446 4026 472 4080 8.

132 4092 179 4159 30.
199 4101 314 4157 fortasse
327 4106 442 4172 quaerat
458 4100 558 4172 aliquis
570 4118 588 4157 a
599 4101 679 4158 nobis
694 4100 770 4156 idern
781 4099 860 4168 illud,
872 4094 946 4168 quod
958 4094 1033 4166 apud
1046 4092 1157 4149 Cicero·
