2674 4558
519 277 773 337 FRAGMENTA.
1180 267 1203 332 5

93 402 216 470 familia
234 401 446 467 Anchariana
468 403 592 467 occisus
611 413 659 468 est
676 439 720 450 -
737 403 798 468 hoc
816 385 951 486 quaeso,
974 402 1112 482 iudices,
1131 404 1202 468 (1111-

92 501 207 575 genter
226 488 392 554 attendite.
426 492 536 558 Quint.
549 494 602 564 IV,
615 496 641 564 1,
654 493 696 564 74,
709 493 745 548 cf.
757 494 811 563 IX,
824 495 850 564 2,
863 493 905 548 56.

154 574 188 638 9.
212 580 354 634 interdum
365 579 395 632 in
407 579 530 650 aliquam
541 595 697 650 personam,
711 596 782 649 quac
792 583 870 633 extra
881 578 1029 634 discrimen
1040 579 1138 634 iudicii
1151 585 1202 650 est,

91 655 275 726 transfertur,
294 661 323 712 et
338 656 408 710 alias
421 660 539 725 certam,
556 656 626 710 alias
638 656 785 725 incertam,
804 661 907 711 etcum
920 661 1037 725 certam,
1055 655 1202 712 0111111011-

91 726 223 796 trariam,
241 727 291 780 aut
301 724 332 779 in
342 723 432 794 ipsius
444 724 493 794 qui
503 724 588 795 petit,
606 725 790 794 voluntatem
807 724 837 780 in
849 725 950 795 quibus
962 724 1060 781 similis
1076 729 1160 795 atque
1172 725 1203 779 in

92 795 311 866 ἀντικατηγορίᾳ
322 809 511 874 personarum,
524 809 678 874 causarum,
691 797 845 848 ceterorum
858 793 1028 874 comparatio
1041 799 1096 848 cst:
1113 791 1202 874 uinci-

92 878 155 916 cero
167 879 222 985 pro
234 862 347 918 Vareno
357 879 389 916 m
400 861 535 917 familiam
547 861 754 918 Ancharranam
765 893 800 904 —-
812 868 938 918 avertens
951 879 1063 918 crimen.
1089 861 1201 927 Quint.

92 931 159 998 VH,
193 931 241 999 ,9.

160 1009 215 1074 10.
239 1009 281 1073 L.
305 1009 359 1074 ille
383 1007 560 1096 Septimius
587 1009 706 1075 diceret
732 1008 865 1093 (etenim
892 1021 941 1076 est
967 1011 1009 1075 ad
1031 1009 1072 1074 L.
1093 1007 1203 1075 Crassi

92 1095 314 1179 eloquentiam
340 1097 449 1180 gravis
471 1107 504 1160 et
529 1094 700 1161 vehemens
723 1107 756 1160 et
778 1096 957 1182 volubilis):
985 1095 1124 1161 Erucius
1148 1095 1201 1160 hic

92 1193 205 1246 noster
223 1181 436 1250 Antoniaster
458 1192 516 1246 est.
551 1185 657 1240 Prisc.
675 1187 729 1256 ΙΙΙ,
742 1188 768 1257 Ι,
779 1187 822 1242 40.
841 1187 878 1242 cf.
899 1187 1009 1254 Quint
1022 1187 1103 1255 VIII,
1116 1189 1142 1256 3,
1154 1187 1201 1256 22:

92 1271 207 1326 interim
218 1271 295 1344 grati
305 1270 400 1325 idiotis
412 1271 529 1343 lepores,
542 1270 632 1342 qualis
643 1271 692 1326 ille
705 1276 793 1326 est-
806 1266 946 1332 Erucius
964 1267 1183 1332 Antoniaster.

161 1353 214 1416 11.
238 1375 278 1416 ea
304 1351 434 1426 caedes,
461 1352 488 1415 si
518 1352 720 1436 potissimum
748 1352 872 1417 crimini
898 1353 1008 1428 datur,
1042 1353 1134 1416 detur
1162 1350 1201 1425 ei,

94 1436 168 1504 cuia
185 1437 342 1512 interfuit,
360 1458 424 1500 non
443 1437 481 1514 ei,
500 1437 573 1502 cuia
589 1437 668 1501 nihil
686 1437 840 1502 interfuit.
866 1443 973 1498 Prisc.
986 1443 1054 1511 XII,
1067 1443 1092 1510 6,
1104 1442 1147 1496 29.

160 1524 213 1587 12.
237 1544 289 1598 pro
300 1527 413 1584 Vareno
425 1543 533 1598 quoquc
545 1533 644 1599 postea
655 1527 787 1598 narravit,
801 1545 885 1599 quam
897 1528 1007 1585 obiecta
1020 1527 1114 1597 diluit;
1128 1527 1202 1597 quod

93 1605 143 1661 fiet
157 1604 282 1675 utiliter,
300 1604 427 1675 quotiens
442 1621 497 1659 non
512 1605 704 1676 repellendum
719 1610 828 1661 tantum
844 1605 898 1660 erit
914 1605 1032 1676 crimen,
1050 1605 1100 1659 sed
1118 1604 1202 1658 etiam

92 1673 328 1729 tansferendum.
364 1673 477 1739 Quint.
491 1673 542 1743 IV,
554 1674 580 1743 2,
592 1675 634 1728 24.

162 1746 216 1810 13.
239 1755 372 1822 patronus
383 1781 430 1820 -,
448 1750 574 1820 quotiens
590 1751 701 1822 poterit,
717 1749 836 1810 instabit
851 1751 916 1808 huic
928 1752 1002 1821 leco,
1018 1756 1050 1806 ut
1061 1750 1131 1806 nihil
1144 1765 1200 1806 crc-

94 1827 184 1883 dibilc
196 1829 236 1882 sit
251 1827 356 1882 factum
373 1843 433 1882 esse
449 1827 509 1882 sine
526 1843 624 1882 causa:
652 1828 726 1898 quod
738 1827 835 1883 Cicero
850 1828 1090 1884 vehementissime
1106 1829 1201 1882 multis

94 1897 269 1958 orationibus
280 1900 390 1964 tractat,
402 1895 554 1967 praecipue
565 1900 659 1950 tamen
667 1913 721 1977 pro
730 1897 851 1967 Vareno,
864 1897 913 1968 qui
925 1898 1051 1954 omnibus
1064 1897 1126 1952 aliis
1138 1913 1200 1968 pre-

93 1967 238 2035 mebatur3
250 1982 315 2019 nam
327 1971 356 2019 01
367 1965 512 2020 damnata
525 1968 575 2018 est.
612 1964 722 2030 Quint.
736 1966 802 2036 VH,
814 1967 840 2036 2,
854 1967 896 2020 36.

161 2038 215 2100 14.
239 2041 272 2096 fit
284 2041 368 2096 etiam
381 2058 415 2096 cx
426 2041 547 2112 duobus,
560 2059 677 2112 quorum
688 2058 802 2097 necesse
816 2048 859 2098 est
870 2043 955 2114 (esse)
967 2043 1086 2096 alterum
1097 2056 1201 2110 rerum,

96 2119 221 2192 eligendi
245 2119 402 2173 adversario
422 2123 559 2190 potestas,
580 2117 755 2190 efficiturque
778 2125 809 2176 ut
829 2125 920 2174 utrum
938 2118 1068 2190 clegerit,
1092 2123 1200 2173 noceat.

95 2197 165 2251 facit
185 2197 241 2252 hoc
258 2194 355 2251 Cicero
371 2212 422 2266 pro
439 2195 532 2267 Oppio
547 2225 583 2236 -
598 2200 627 2250 et
642 2213 693 2267 pro
709 2197 834 2253 Vareno:
862 2191 948 2277 optio
976 2191 1068 2255 vobis
1097 2191 1201 2267 datur,

96 2288 206 2342 utrum
225 2275 329 2341 velitis
348 2297 425 2340 casu
442 2274 497 2340 illo
515 2275 627 2341 itincre
649 2277 815 2342 Varenum
833 2299 927 2342 usum
946 2298 1026 2353 csse,
1047 2299 1088 2340 an
1105 2276 1201 2340 huius

119 2369 255 2428 creua-au
278 2373 310 2426 ct
325 2360 469 2426 inductu.
499 2367 600 2422 deinde
627 2372 745 2438 utraque
774 2367 843 2422 facit
870 2367 1025 2422 accusatori
1053 2366 1200 2422 contraria.

97 2386 261 2514 111111,
275 2445 317 2513 ro,
330 2445 373 2498 ee.
688 2493 690 2496 ,

163 2516 216 2581 15.
240 2516 337 2582 deum
355 2514 459 2580 fidem.
488 2519 593 2575 Prisc.
607 2521 674 2590 VII,
687 2522 713 2591 6,
727 2521 770 2574 25.

163 2601 216 2666 16.
242 2612 340 2675 [testes
355 2610 420 2660 sunt
434 2606 537 2660 multae
554 2606 702 2660 multorum
714 2605 860 2674 orationes,
879 2607 907 2658 et
920 2601 1061 2658 Ciceronis
1077 2620 1128 2674 pro
1141 2601 1201 2656 Mu·

98 2684 414 2808 repptpnrpjplffiplantip
424 2682 526 2822 quippei
531 2681 634 2821 Ῐ1111141Ξῖξὲ
647 2687 674 2804 ep
689 2683 765 2805 rppdp
778 2680 857 2752 quasi
874 2680 1040 2752 subscriptio
1058 2680 1202 2736 criminum

97 2771 127 2808 ³0
164 2825 217 2889 17.
240 2827 337 2884 Cicero
349 2860 385 2870 —
395 2793 491 2884 cbntra
500 2791 643 2898 iuvenem,
651 2791 736 2881 criius'
741 2790 859 2882 subinde
871 2827 968 2882 volnus
979 2827 1009 2881 in
1025 2827 1128 2882 iudicio
1141 2825 1201 2892 (mi-

98 2906 246 3031 serbationis
263 2906 474 2962 commovendas
491 2909 585 2974 causa)
601 2905 802 2976 resolvebatur,
824 2923 874 2976 pre
890 2905 1003 2962 Vareno
1023 2904 1111 2960 multa
1133 2902 1202 2958 dixit

99 2995 132 3032 ur
153 2992 217 3030 ane.

165 3047 219 3112 18.
239 3051 368 3107 incidunt
384 3067 496 3120 causae,
516 3050 663 3120 inquibus
680 3052 755 3122 quod
770 3068 905 3104 summam
920 3051 1006 3105 habet
1023 3049 1202 3119 quaestionis,

99 3147 204 3256 magna
216 3132 340 3210 exparte
352 3129 527 3184 tractandum
540 3127 584 3196 sit,
598 3129 677 3183 etsie
689 3128 725 3182 sit
735 3129 866 3199 ponenda
878 3126 966 3182 oratio
978 3131 1009 3180 ut
1020 3143 1070 3197 pro
1082 3125 1201 3182 Vareno.

100 3200 123 3255 L
163 3215 345 3258 evertamus
357 3197 418 3266 358,
430 3197 464 3252 27
477 3197 520 3251 ed.
534 3196 627 3250 Halm.

64 3260 67 3270 ¹
166 3270 219 3334 19.
242 3279 388 3330 anteactae
403 3273 477 3328 ritae
494 3273 609 3328 cumina
626 3274 787 3344 plerumque
810 3271 900 3344 prima
916 3273 1064 3343 purganda
1079 3276 1156 3341 sunt,
1171 3276 1204 3324 ut

103 3353 141 3424 id,
154 3353 188 3408 de
202 3369 258 3422 quo
269 3352 376 3406 laturus
388 3355 430 3405 est
441 3349 606 3406 sententiam
616 3350 714 3420 iudex,
722 3350 827 3405 'audire
844 3348 981 3430 propitius
992 3349 1117 3430 incipiat.
1153 3349 1204 3429 scd

102 3423 155 3476 hoc
166 3438 204 3493 qu
241 3435 277 3474 ue
288 3436 339 3500 pro
350 3419 462 3476 Vareno
475 3416 612 3500 Cicereia
623 3419 750 3500 ultimum
763 3419 878 3500 distuht
890 3434 945 3471 non
958 3419 1025 3487 qurd
1036 3419 1202 3490 frequentis-

103 3490 180 3561 sime,
193 3506 223 3545 se
256 3489 325 3560 qurd
335 3491 396 3542 tum
408 3487 559 3558 expediret,
571 3492 697 3542 mturtus.
733 3487 846 3552 Qurnt.
859 3486 925 3555 VII,
939 3485 964 3556 1,
978 3487 1019 3540 12.

389 3677 442 3730 111.
479 3675 687 3733 ORATIONIS
706 3675 782 3730 PRO
802 3675 926 3730 OPPIO.

171 3795 200 3857 1.
223 3804 342 3867 utrum,
360 3813 434 3856 eum
449 3789 578 3856 Cottam
595 3790 768 3876 appetisset
786 3787 827 3853 au
841 3812 915 3853 cum
931 3791 1001 3874 ipse
1020 3811 1089 3854 sese
1108 3809 1203 3852 cona-

108 3889 193 3944 retur
210 3877 370 3954 occidere,
392 3878 494 3941 telum¹
511 3899 528 3941 0
547 3877 694 3942 manibus
717 3888 862 4013 ereptum
885 3876 952 3940 est?
968 3879 1098 3968 Quint.
1111 3878 1148 3947 V,
1161 3880 1204 3946 10,

109 3961 305 4085 gilerfflpupra
315 3960 358 4030 ΙΙ,
372 3961 405 4015 10
421 3963 450 4014 01
466 3959 501 4014 de
516 3959 591 4016 facto
608 3959 753 4014 Salustii
781 3963 926 4030 ragmenta
937 3957 1041 4010 Hister.
1054 3973 1082 4026 p.
1096 3955 1147 4010 236
1160 3955 1205 4010 etl.

171 4101 202 4166 2.
224 4123 282 4162 non
297 4105 393 4162 dubito
409 4105 479 4162 haec
496 4121 605 4178 quoque
623 4105 820 4178 consequentia
836 4100 1011 4178 (appellare),
1030 4101 1154 4171 quamvis
1167 4118 1202 4158 ex
