2674 4558
526 266 778 330 FRAGMENTA.
1160 263 1204 328 63

156 394 211 461 65.
232 401 408 470 redundare,
430 400 585 471 abundare,
607 419 759 473 superesse.
801 402 841 458 Μ.
862 403 972 458 Tullius
991 403 1022 458 in
1041 405 1204 461 Hortensio:

88 493 162 546 tuin
187 482 377 568 intellegas,
405 503 502 567 quani
525 483 605 548 illud
632 485 761 549 nonsit
787 485 1018 564 necessarium,
1045 487 1131 571 quod
1153 510 1204 553 re·

92 567 230 632 dundat.
265 570 396 632 Nonius
407 590 437 644 p.
449 573 511 642 384,
523 573 566 629 20.

158 653 213 718 66.
235 657 332 730 gliscit
353 662 397 713 est
417 659 588 731 congelascit
608 666 637 715 et
657 661 794 735 colligitur
816 663 862 718 vel
883 663 984 718 crescit
1006 662 1053 718 vel
1074 662 1202 734 ignescit.

91 741 130 796 M.
144 743 260 796 inlitus
271 744 300 796 in
312 743 475 800 Hortensio:
492 741 534 804 ad
551 741 724 808 iuvenilem
741 743 926 810 lubidinem.
950 742 1043 828 copia
1056 744 1203 827 volupta-

92 835 164 888 tum
205 821 293 888 liscit
308 823 379 901 illa,
396 835 434 888 ut
450 824 535 912 ignis
554 828 634 893 oleo.
678 833 771 890 Idem
782 852 811 905 p.
823 834 867 904 22,
879 835 923 890 21.

161 844 217 972 67.
239 915 451 970 verecundatur.
496 917 535 972 M.
553 917 663 973 Tullius
678 918 709 974 iii
728 918 890 976 Hortensio:
921 913 954 978 hi
980 914 1080 978 nostri
1107 914 1202 979 amici

94 993 357 1059 verecundantur
375 996 460 1080 capti
478 997 647 1082 splendore
669 998 805 1064 virtutis.
849 1004 942 1059 Idem
953 1023 981 1075 p.
993 1004 1055 1073 480,
1068 1005 1111 1058 17.

161 1077 217 1144 68.
238 1083 377 1156 fingamus
394 1088 516 1159 aliquem
532 1090 631 1161 taleni,
648 1091 758 1161 qualem
769 1091 879 1146 Tullius
895 1089 981 1145 fiiisse
998 1090 1066 1144 dicit
1078 1091 1200 1146 Oratam.

95 1161 158 1232 quis
171 1161 248 1216 enim
259 1161 343 1217 facile
356 1162 432 1219 dieat
444 1164 558 1221 Oratam
572 1172 697 1238 egestate
708 1167 863 1237 laborasse,
875 1168 1015 1224 hominem
1027 1167 1200 1237 ditissimum,

94 1227 331 1300 amoenissimum,
343 1231 590 1304 deliciosissimum,
603 1234 649 1290 cui
660 1251 750 1306 neque
763 1236 800 1290 ad
810 1237 981 1307 voluptatem
993 1235 1141 1306 quicquam
1153 1238 1200 1292 dc-

94 1298 150 1352 fuit
160 1314 254 1368 neque
266 1299 435 1370 ad-gratiam
450 1319 541 1374 neque
554 1305 590 1358 ad
601 1304 704 1360 bonam
716 1305 908 1376 integramque
920 1304 1119 1373 valetudinem,
1135 1323 1200 1359 nain

94 1373 123 1421 et
144 1367 273 1438 praediis
316 1370 546 1426 uaestuosissimis
571 1377 600 1427 et
619 1373 715 1428 amicis
739 1372 942 1426 iucundissimis
967 1377 1099 1442 quantum
1118 1372 1201 1427 libuit

93 1435 250 1490 abundavit
261 1439 290 1490 et
334 1436 357 1490 ’s
368 1439 495 1494 omnibus
510 1441 653 1511 aptissime
665 1442 703 1496 ad
720 1441 837 1496 salutem
850 1457 882 1496 co
917 1440 972 1496 oris
982 1457 1049 1494 usus
1061 1445 1117 1510 est,
1130 1441 1200 1495 eius-

93 1519 158 1574 que,
170 1503 338 1559 utbreviter
347 1509 436 1562 totum
448 1509 592 1578 explicem,
604 1527 685 1566 omne
694 1509 851 1564 institutum
859 1527 894 1565 vo
905 1514 1083 1580 untatemque
1093 1526 1201 1564 omnem

92 1571 236 1628 successio
245 1589 381 1644 prospera
393 1583 542 1632 consecuta
554 1582 604 1632 est.
640 1579 852 1650 Augustinus
864 1577 994 1634 debeata
1005 1578 1063 1632 vita
1074 1595 1098 1632 c.
1110 1577 1154 1633 26.

157 1651 213 1718 69.
234 1658 354 1715 balneae
375 1662 486 1733 generis
507 1662 642 1718 feminini.
687 1664 779 1720 neutri
798 1663 837 1718 M.
859 1664 968 1719 Tullius
987 1664 1017 1718 in
1037 1663 1199 1720 Hortensio:

91 1761 217 1875 8311111111
236 1737 384 1805 balneolo
397 1744 575 1839 suspendit,
593 1744 722 1809 inclusit
738 1745 852 1882 pisces.
887 1749 1017 1806 Nonius
1029 1757 1061 1821 p.
1079 1750 1197 1820 194,13.

135 1819 256 1893 Sergius
269 1821 354 1876 Orate
365 1827 485 1894 pensilia
495 1826 610 1882 balinea
621 1827 727 1898 primus
752 1844 832 1883 acere
843 1825 972 1882 instituit.
998 1843 1069 1898 quae
1081 1827 1200 1898 inpensa

90 1888 201 1944 levibus
217 1889 305 1944 initiis
322 1897 422 1963 coepta
433 1894 471 1948 ad
482 1911 634 1966 suspensae
651 1896 759 1952 cuddae
776 1912 866 1978 aquae
882 1901 990 1951 tantum
1005 1913 1062 1950 non
1077 1911 1199 1964 aequora

1 1955 2 2014 ᾖ
91 1957 259 2028 penetravit.
283 1958 358 2012 idern
387 1961 566 2019 videlicetne
578 1965 673 2035 gulam
684 1964 809 2036 Neptum
822 1965 935 2020 arbitrio
948 1964 1102 2019 subiectam
1113 1963 1198 2017 habe·

1 2037 2 2052 ³
90 2026 319 2108 ret,·peenliaria
335 2001 389 2083 sibi
404 2032 493 2086 maria
510 2033 693 2104 excogitavit,
711 2034 856 2088 aestuariis
876 2032 1077 2103 intercipiendo
1098 2031 1198 2086 fluctus

1 2107 2 2112 ’
90 2110 265 2165 pisciumque
279 2095 402 2152 diversos
449 2115 516 2180 eges
534 2102 671 2171 separatis
687 2102 805 2157 molibus
817 2101 993 2170 includendo,
1010 2099 1128 2155 utnulla
1139 2105 1198 2155 tam

94 2179 178 2218 sueva
188 2168 343 2233 tempestas
354 2165 410 2220 inci
431 2175 497 2250 erit²
505 2185 566 2240 qua
577 2184 631 2223 non
645 2171 748 2226 Oratae
760 2187 872 2225 mensae
883 2170 1019 2225 vafietate
1032 2168 1198 2224 ferculorum

92 2231 275 2286 abundarent.
311 2234 447 2290 aedificiis
460 2243 545 2292 etiam
561 2239 689 2308 spatiosis
702 2245 731 2294 et
743 2240 859 2294 excelsis
872 2239 981 2294 deserta
993 2238 1031 2291 ad
1046 2236 1077 2290 id
1087 2242 1204 2308 tempus.

90 2316 138 2354 ora
153 2300 272 2354 Lucrini
286 2301 364 2356 lacus
379 2306 495 2375 pressit,
518 2322 572 2376 quo
587 2307 740 2364 recentiore
756 2325 810 2362 usu
826 2308 913 2362 conch
933 2307 1032 2360 licium
1047 2305 1197 2360 frueretur:

90 2369 138 2423 ubi
151 2371 214 2422 dum
226 2385 258 2424 se
273 2369 404 2440 publicae
421 2389 511 2443 aquae
529 2392 562 2430 cu
581 2375 656 2430 idius
666 2377 755 2430 inmer
777 2374 810 2445 't,
829 2393 891 2431 cum
903 2325 1033 2429 6011011110
1049 2373 1198 2443 publicano

90 2437 227 2492 iudiciuin
236 2444 355 2494 nanctus
367 2445 417 2496 est.
453 2442 484 2497 in
495 2460 548 2524 quo
561 2393 594 2498 l.
606 2442 731 2514 Crassus,
743 2461 761 2498 a
780 2461 875 2498 versus
886 2443 965 2496 illum
978 2457 1089 2496 causam
1101 2457 1197 2511 agens,

91 2521 183 2560 errare
195 2506 316 2562 amicum
332 2526 411 2564 suuni
424 2508 584 2566 Considium
596 2511 678 2582 dixit,
697 2514 771 2593 quod
783 2516 895 2583 putaret
908 2510 1022 2565 Oratam
1033 2514 1168 2562 remotum
1180 2527 1198 2563 a

1 2578 2 2648 1
91 2575 154 2628 lacu
170 2574 323 2629 cariturum
339 2579 450 2632 ostreis:
466 2597 587 2650 namque
604 2595 651 2649 ee,
668 2581 693 2633 si
707 2580 774 2634 inde
791 2583 887 2650 petere
899 2595 955 2632 non
969 2576 1103 2646 licuisset,
1114 2576 1144 2630 in
1156 2581 1197 2631 te-

1 2698 2 2706 ,
91 2643 164 2713 gulis
174 2649 359 2714 reperturum.
395 2647 558 2704 Valerius
570 2648 654 2702 Max.
666 2648 720 2716 IX,
733 2649 759 2717 1,
772 2649 797 2702 1.

1 2737 2 2740 ’
157 2723 210 2788 70.
233 2728 313 2785 fruor
331 2731 453 2787 1111011111]
474 2733 551 2789 facit.
597 2732 694 2790 Cicero
714 2735 744 2788 in
764 2733 927 2788 Hortensio:
951 2737 983 2792 et
1006 2727 1197 2792 amoenitate

93 2832 219 2874 summa
236 2809 421 2895 perfructus
440 2823 497 2879 est.
537 2819 738 2875 Priscianus
751 2819 789 2889 X,
802 2818 883 2890 2,13.

156 2895 210 2958 71.
234 2906 327 2958 ostrea
344 2904 454 2975 generis
467 2904 601 2961 feminini.
619 2905 659 2960 M.
673 2905 782 2960 Tullius
794 2906 823 2959 in
835 2903 997 2960 Hortensio:
1010 2898 1197 2964 sollertiam-

93 3002 158 3062 que
183 3003 272 3060 eam,
301 3006 378 3068 quae
404 2998 513 3070 posset
538 2987 590 3054 vel
616 2986 649 3051 in
677 2987 793 3072 tegulis
820 2984 1036 3071 proseminare
1064 2996 1194 3049 ostreas.

93 3061 222 3118 Nonius
232 3083 262 3136 p.
274 3065 336 3136 110,
347 3067 388 3121 12.

157 3143 212 3208 72.
234 3167 379 3223 summum,
392 3158 552 3209 extiemum.
569 3154 608 3208 M.
619 3154 728 3208 Tullius
740 3155 769 3208 in
778 3153 940 3208 Hortensio:
952 3142 1033 3210 vixit
1050 3144 1093 3210 ad
1110 3167 1197 3210 cum-

92 3251 179 3292 inam
198 3242 395 3297 senectutem
414 3244 545 3319 optuma
562 3234 755 3299 valetudine.
792 3238 885 3293 Idem
896 3256 924 3309 p.
936 3238 997 3307 401,
1007 3236 1050 3292 31.

160 3321 211 3388 73.
233 3329 346 3385 invitari
363 3337 405 3388 est
426 3333 567 3388 delectari.
602 3333 642 3388 M.
659 3333 769 3388 Tullius
784 3331 815 3386 iii
831 3329 993 3386 Hortensio:
1017 3325 1196 3411 voluptates

93 3418 203 3546 ldtem
220 3410 369 3549 ngglalgd
387 3435 437 3478 res
455 3414 651 3479 necessarias
664 3411 873 3478 invitamenta
887 3409 1037 3476 adferunt
1055 3411 1197 3476 senibus.

135 3506 226 3562 emp.
293 3535 300 3562 ,
346 3535 353 3548 .

197 3563 358 3631 voluptates]
371 3567 516 3619 voluntates
528 3565 608 3619 codd.

158 3647 213 3712 74.
233 3653 309 3726 vide,
321 3656 388 3727 quid
398 3657 429 3712 in
438 3657 581 3712 Hortensii
592 3656 703 3730 dialogo
713 3656 788 3711 dicat
796 3654 915 3725 Tullius,
927 3670 1000 3724 quae
1011 3654 1101 3726 magis
1112 3654 1200 3709 verbe

95 3735 121 3784 te
130 3731 274 3786 delectare
284 3732 437 3789 debuerant
449 3751 532 3804 quom
537 3733 621 3789 Balbi
627 3731 781 3789 Stoicorum
793 3736 887 3802 partes
899 3729 1196 3811 agentisdnciceronis

96 3799 129 3852 de
146 3800 263 3855 deorum
282 3807 382 3856 nonna
395 3803 467 3857 libro
483 3802 618 3873 secundo,
638 3821 693 3858 non
708 3802 738 3856 in
750 3800 917 3869 Hortensio).
953 3816 1026 3869 quae
1040 3799 1107 3852 licet
1122 3812 1197 3877 vera,

95 3874 189 3922 tamen
201 3870 237 3924 de
249 3877 329 3941 parte
340 3871 459 3934 hominis
470 3870 609 3940 inferiore,
621 3871 675 3926 hoc
687 3875 729 3926 est
741 3870 776 3924 de
788 3885 912 3940 corpore,
924 3868 1037 3922 fuerunt
1049 3870 1116 3920 etta
1128 3863 1198 3917 mhil

97 3936 228 3992 adiuvare
239 3943 397 4009 potuerunt.
421 3932 485 3994 vide
498 3939 629 4011 quidiste
641 3957 691 4011 pro
699 3937 848 3994 vivacitate
859 3936 959 3992 mentis
969 3939 1064 3988 contra
1072 3933 1197 4001 volupta-

96 4021 150 4068 tem
163 4015 383 4087 corporisdicat
433 4034 475 4076 aii
501 4033 577 4076 vero
603 4015 694 4086 inquit
722 4011 903 4096 voluptates
931 4003 1071 4088 corporis
1099 4023 1198 4088 expe-

96 4096 223 4174 tendae,
242 4118 324 4182 quae
343 4119 416 4162 vere
435 4108 466 4162 et
484 4096 625 4182 graviter
638 4095 802 4162 aPlatone
818 4094 921 4159 dictae
935 4099 1010 4154 sunt
1028 4088 1198 4154 illecebrae
