2714 4554
149 259 211 324 132
490 267 530 323 Μ.
549 268 685 326 TULLII
702 266 900 325 CICERONIS

212 393 243 460 2.
267 399 445 472 προθέμενος
461 393 490 470 (ὅ
507 396 646 472 Κικέρων)
663 397 756 450 πάντα
773 397 807 451 τὰ
828 402 861 470 τῇ
884 397 963 452 πόλει
984 404 1166 474 πεπραγμένα
1183 420 1249 473 ovy-
1343 385 1344 414 ³

146 479 252 553 γράψαι
273 476 330 550 (καὶ
368 474 401 547 ἂρ
419 475 549 546 σοφιστὴς
570 481 616 528 aaz
642 473 755 542 ποιητὴς
776 480 822 528 καὶ
843 475 993 546 φιλόσοφος
1013 483 1059 529 καὶ
1080 478 1172 551 ῥήτωρ
1199 484 1248 531 καὶ

149 567 181 600 co
198 543 318 620 γραφεὺς
329 496 399 598 εἶναι
412 541 571 629 ulceratae)
585 541 669 597 ἔπειτ’
683 541 734 596 οὐκ
746 542 804 597 ἀπὸ
816 549 863 612 τῆς
874 551 988 600 κτίσεως
999 543 1093 612 αὐτῆς,
1106 541 1203 618 ὥσπερ
1217 547 1248 600 οἱ

148 613 166 668 ἄ
198 635 224 666 οι
236 613 265 667 οἱ
276 615 360 666 τοῦτο
374 615 529 677 ποιοῦντες,
545 609 600 664 alt'
614 609 672 664 ἀπὸ
689 615 736 678 τῆς
752 607 885 668 ὑπατείας
901 617 948 680 τῆς
958 614 1058 666 ἑαυτοῦ
1075 613 1092 681 ἦ
1110 613 1185 680 ξατο,
1200 615 1248 668 ἵνα

148 681 287 736 ἀνάπαλιν
304 684 459 752 προχωρῶν
476 678 562 751 ἀρχὴν
577 683 630 748 μὲν
645 683 696 732 τοῦ
713 679 796 751 λόγου
814 686 928 746 ἐκείνην,
945 680 1074 749 τελευτὴν
1085 633 1116 735 iii
1131 682 1182 747 τὴν
1194 687 1247 736 τοῦ

147 748 282 887 ‘11'qu
278 750 435 874 ἦασῇιέεἰαν
451 750 605 816 ποιήσηται.
640 747 705 802 Dio
718 747 855 802 Cassius
872 749 911 817 (ln
926 749 1049 805 oratione
1062 749 1095 815 Q.
1108 749 1184 805 Fufii
1193 748 1247 806 Ca·

159 833 204 873 em
322 857 330 887 ‚
377 857 384 871 .

543 927 571 988 β.
605 936 696 974 neuun
712 935 850 974 rennuis.

602 1031 643 1071 EX
658 1030 750 1073 LIBRO
768 1031 789 1072 1.

212 1107 319 1178 aspice,
342 1107 475 1189 corripuit
494 1107 620 1162 tremulis
640 1107 740 1188 altaria
760 1108 877 1163 flammis
899 1113 996 1191 sponte
1018 1109 1158 1191 sua]·si·ne
1178 1109 1247 1180 igne

148 1176 239 1231 subito
249 1193 283 1231 ex
293 1175 362 1247 ipsis
371 1176 509 1232 cinenbus
519 1175 630 1230 flamma
639 1181 758 1230 emersit.
776 1175 1172 1232 hocuxonCrcercmsdrcrtur
1181 1195 1247 1233 con-

147 1245 258 1317 tigisse:
272 1261 334 1300 cum
344 1249 408 1314 post
418 1249 561 1315 peractum
572 1243 737 1300 sacrificinm
752 1245 841 1300 libare
856 1246 942 1300 vellet
952 1245 982 1300 in
993 1245 1125 1316 cinerem,
1138 1262 1172 1300 cx
1183 1246 1247 1316 ipso

149 1314 241 1368 cinere
257 1312 370 1367 flamma
389 1313 518 1382 surrexit,
540 1328 613 1382 quae
629 1313 741 1367 flamma
761 1315 858 1369 eodem
874 1329 946 1369 anno
962 1315 1101 1370 consulem
1121 1313 1247 1370 futurum
1344 1300 1345 1345 ἶ

149 1380 271 1436 ostendit
282 1381 341 1436 eius
351 1382 479 1435 maritum
506 1381 579 1436 sicut
590 1380 687 1437 Cicero
702 1381 733 1436 in
744 1397 793 1437 suo
804 1387 922 1438 testatur
933 1385 1069 1453 poemate.
1105 1381 1248 1440 Servius

149 1449 408 1522 adremmon.
421 1421 502 1519 vni,
515 1451 574 1505 106.
642 1533 648 1539 ἡ

594 1611 634 1651 ex
650 1609 741 1653 LIBRO
760 1611 792 1652 11.

214 1691 244 1754 1.
267 1695 318 1750 sed
328 1709 383 1764 quo
394 1695 487 1766 potius
501 1699 565 1750 utar
576 1695 620 1766 (Q.
633 1695 721 1751 frater
731 1695 770 1750 M.
784 1694 945 1753 Ciceronem
957 1697 1123 1770 adloquitur)
1135 1703 1185 1753 aut
1197 1715 1247 1753 au-

149 1777 224 1827 ctore
236 1775 284 1826 aut
294 1775 366 1826 teste
378 1786 461 1840 quem
473 1771 520 1826 to?
533 1772 610 1828 cuius
622 1772 725 1827 edidici
737 1772 823 1828 etiam
831 1790 935 1844 versus,
946 1780 974 1830 ct
984 1775 1111 1831 lubenter
1121 1775 1248 1848 quidem,

149 1855 219 1910 quos
230 1838 260 1894 in
272 1840 393 1894 secundo
406 1837 571 1896 Consulatus
583 1841 690 1897 Urania
701 1858 780 1896 musa
791 1843 963 1913 pronuntiat:

235 1927 391 2014 principio
409 1927 549 1995 aetherio
566 1929 746 1995 flammatus
764 1931 909 2017 Iuppiter
926 1931 994 2019 igni

235 2013 369 2079 vertitur
386 2024 417 2079 et
434 2025 537 2079 totum
554 2016 729 2082 conlustrat
746 2017 865 2082 lumine
883 2018 1038 2082 mundum

235 2110 405 2182 menteque
423 2099 531 2165 divina
549 2103 673 2166 caelum
690 2114 855 2186 terrasque
872 2103 1012 2188 petessit,

237 2205 320 2268 quae
338 2185 465 2269 penitus
483 2209 594 2262 sensus
612 2187 776 2253 hominum
794 2189 940 2272 vitasque
958 2198 1103 2264 retentat,

236 2268 372 2336 aetheris
391 2273 512 2337 aeterni
529 2284 640 2358 saepta
657 2284 754 2357 atque
771 2273 895 2338 inclusa
913 2273 1066 2338 cavernis.

235 2365 267 2420 et
284 2354 311 2420 s‘i
329 2355 491 2422 stellarum
509 2369 613 2424 motus
632 2381 807 2444 cursusque
825 2359 971 2445 vagantis

235 2461 327 2506 nosse
346 2443 436 2521 velis,
454 2465 537 2528 quae
555 2445 617 2510 sint
635 2445 798 2530 signorum
816 2445 849 2509 in
867 2444 943 2510 sede
960 2445 1093 2528 locatae,

236 2547 319 2610 quae
337 2529 435 2593 verbo
454 2541 486 2594 et
502 2529 591 2595 falsis
611 2528 783 2596 Graiorum
801 2530 933 2595 vocibus
952 2541 1066 2605 errant,

234 2634 270 2677 re
287 2635 364 2676 vcra
382 2626 468 2679 certo
485 2615 577 2701 lapsu
595 2617 763 2700 spatioque
780 2616 936 2692 feruntur,

236 2696 344 2761 omnia
360 2697 423 2762 iam
443 2721 552 2765 cernes
571 2701 678 2765 divina
696 2713 802 2766 mente
819 2711 939 2765 notata.

235 2803 311 2845 nam
329 2782 466 2867 primum
485 2797 642 2850 astrorum
659 2786 797 2851 volucris
814 2797 845 2851 te
864 2786 993 2851 consule
1010 2795 1116 2849 motus

236 2886 472 2951 concursusque
490 2871 598 2954 gravis
617 2871 780 2935 stellarum
798 2872 910 2936 ardore
928 2870 1073 2936 micantis

235 2961 271 3016 tn
288 2971 425 3036 quoque,
444 2975 517 3018 cum
535 2956 674 3020 tumulos
691 2956 821 3021 Albano
839 2958 872 3023 in
890 2968 997 3022 monte
1014 2955 1128 3021 nivalis

234 3037 376 3102 lustrasti
393 3049 424 3104 et
440 3039 524 3104 laeto
542 3041 688 3106 mactasti
705 3043 787 3108 lacte
804 3042 949 3120 Latinas,

235 3123 343 3188 vidisti
360 3135 393 3188 et
410 3125 496 3189 claro
512 3126 663 3190 tremulos
682 3127 794 3194 ardore
813 3139 964 3206 cometas,

233 3208 397 3358 multaffue
415 3211 541 3275 misceri
558 3223 714 3277 nocturna
732 3226 838 3300 strage
857 3213 989 3300 putasti:

233 3293 320 3377 quod
353 3317 438 3362 erme
457 3296 560 3361 dirum
577 3297 611 3362 in
629 3308 755 3385 tempus
774 3300 915 3366 cecidere
934 3299 1081 3377 Latinae,

234 3401 307 3444 cum
325 3380 443 3445 claram
461 3383 599 3467 speciem
618 3397 765 3450 concreto
783 3385 903 3451 lumine
921 3386 998 3450 luna

233 3463 356 3529 abdidit
374 3477 406 3530 et
423 3468 528 3532 subito
547 3469 684 3535 stellanti
701 3483 795 3538 nocte
813 3482 978 3558 perempta
996 3480 1052 3538 est.

233 3549 311 3632 quid
328 3572 404 3615 vero
421 3552 546 3619 Phoebi
563 3555 628 3631 fax,
647 3557 744 3621 tristis
762 3559 874 3622 nuntia
892 3557 977 3633 belli,

232 3654 315 3718 quae
332 3658 486 3722 magnum
504 3640 545 3704 ad
563 3641 709 3707 columen
726 3643 888 3708 flammato
907 3643 1019 3709 ardore
1038 3643 1177 3720 volabat,

232 3720 414 3805 praecipitis
432 3725 512 3788 caeli
529 3725 628 3810 partis
646 3727 815 3813 obitusque
833 3729 1015 3814 petessens?

232 3816 288 3870 aut
305 3828 378 3871 cum
396 3809 528 3874 terribili
544 3833 715 3894 percussus
732 3814 866 3879 fulmine
884 3814 962 3879 civis

230 3891 302 3956 luce
321 3893 478 3958 serenanti
497 3895 606 3961 vitalia
622 3898 744 3963 lumina
760 3899 872 3984 liquit?

232 3986 288 4076 aut
306 3999 431 4045 cumae
448 3980 582 4066 gravido
600 3985 776 4049 tremefecit
794 4005 926 4069 corpore
944 3985 1057 4050 tellus?

230 4083 295 4126 1am
313 4084 389 4130 vero
408 4065 514 4132 variae
532 4080 688 4134 nocturno
706 4080 848 4156 tempore
866 4069 954 4137 visae
