2714 4554
511 279 762 339 FRAGMENTA.
1145 271 1187 338 83

26 431 27 434 =
106 400 253 526 wopau
263 399 369 525 gutlaci)
377 400 407 455 id
417 405 462 522 'eil
478 401 687 526 (1ωέῗὲωο
702 407 791 526 rtqtqp,
805 402 871 526 quia
882 404 1065 530 mimae
1077 405 1134 491 sint
1150 407 1186 464 ad

106 485 706 618 ,mllhswei'iliiufii
732 487 894 627 {Silis
921 479 1186 612 ,utilitati

107 626 258 692 efficientia
284 626 504 712 voluptatum,
530 626 702 694 liberarent
728 649 783 696 eos
810 628 942 696 deorum
968 642 1001 696 et
1022 631 1132 697 mortis
1155 643 1187 698 et

107 711 205 778 doloris
221 723 313 779 metu
331 711 556 796 docerentque,
574 713 630 796 qui
648 722 754 779 essent
771 713 851 780 lines
868 715 1089 818 cupiditatum,
1107 716 1187 782 nihil

104 795 288 876 haberemus,
306 796 396 882 quod
413 797 732 883 reprehenderemus,
751 820 824 865 cum
841 801 982 884 undique
1001 803 1188 887 conpleren-

103 899 144 947 tur
158 883 375 970 voluptatibus
398 904 459 948 nec
481 882 636 949 haberent
657 883 724 949 ulla
742 907 782 950 ex
803 897 894 971 parte
912 887 1108 972 aliquidaut
1129 888 1188 953 do·

103 967 157 1034 lens
181 979 235 1034 aut
260 990 301 1035 ae
366 990 414 1045 m,
440 968 474 1033 id
501 979 549 1035 est
575 979 681 1035 autem
708 971 838 1035 malum.
875 975 940 1032 Cic.
954 979 989 1034 de
1001 976 1079 1035 finib.
1091 977 1131 1049 11,
1142 979 1186 1034 21.

103 1049 171 1122 Diog.
183 1052 277 1106 Latrt.
289 991 404 1122 griffi.

153 1141 181 1204 4.
201 1145 349 1217 praeclare
360 1143 498 1217 Epicurus
510 1146 553 1202 bis
569 1163 660 1218 paene
671 1147 764 1203 verbis
786 1141 900 1208 eadem
920 1147 1013 1218 inquit
1030 1143 1187 1210 sententia

103 1225 284 1292 confirmavit
306 1224 467 1302 animum,
488 1247 530 1291 ne
553 1227 639 1310 quod
661 1237 718 1292 aut
739 1227 968 1312 sempiternum
985 1239 1041 1294 aut
1063 1230 1188 1294 diutur-

101 1332 165 1376 num
180 1310 306 1378 timeret
323 1310 461 1388 malum,
479 1333 563 1395 quae
580 1312 743 1397 perspexit
764 1313 797 1376 in
815 1311 876 1378 hoc
892 1313 963 1399 ipso
981 1313 1066 1379 vitae
1083 1313 1186 1399 spatio

103 1395 242 1462 amicitiae
258 1395 460 1484 praesidium
477 1419 547 1462 ease
570 1397 797 1462 firmissimum.
850 1400 916 1458 Cic.
939 1402 975 1458 de
995 1401 1072 1458 finib.
1093 1404 1122 1470 I,
1143 1404 1186 1460 68.

101 1476 276 1550 napaeas.
289 1477 331 1548 x,
345 1477 405 1533 rsa.

308 1670 333 1734 i.
375 1691 500 1736 uncum
515 1691 663 1734 semrom
680 1692 723 1733 sn
741 1693 961 1740 annumerabis.

149 1785 224 1860 andi,
239 1803 277 1844 ne
291 1787 380 1858 longe
391 1786 505 1857 abeam,
520 1787 640 1842 moriens
657 1787 725 1858 qnid
740 1788 818 1844 dicat
827 1789 977 1861 Epicurus,
994 1797 1026 1846 ut
1035 1793 1185 1865 intellegas

103 1861 165 1920 facts
174 1863 231 1920 eius
243 1881 310 1920 cnm
322 1861 405 1920 dictis
417 1863 584 1934 discrepare.
623 1857 784 1944 Epicurus
806 1861 1007 1928 Hermarcho
1026 1862 1160 1930 salutem
1175 1910 1185 1928 .

104 1963 163 2008 cum
175 1967 192 2010 a
214 1944 536 2021 eremusinquitvitae
549 1943 680 2009 beatum
693 1955 725 2010 et
738 1946 875 2012 eundem
889 1970 1074 2034 supremum
1088 1948 1184 2025 diem,

104 2029 189 2094 scribe
264 2052 305 2094 us
326 2028 415 2095 haec.
442 2029 523 2095 tanti
541 2028 674 2095 aderant
691 2030 816 2098 vesicae
834 2043 865 2098 et
882 2033 1054 2099 torminum
1071 2033 1186 2110 morbi,

104 2113 217 2180 trahil
234 2115 278 2180 ad
301 2135 415 2180 eorum
431 2114 685 2216 magnitudinem
706 2129 815 2202 posset
832 2119 992 2186 accedere.
1037 2139 1187 2204 compen-

105 2198 217 2266 sabatur
233 2211 347 2266 tamen
369 2221 442 2266 cum
456 2200 513 2288 his
532 2199 679 2266 omnibus
699 2202 797 2268 animi
812 2203 947 2280 laetitia,
966 2225 1062 2288 quam
1081 2204 1187 2290 capic-

104 2282 166 2348 bam
181 2285 338 2352 memoria
359 2285 518 2351 rationum
539 2285 805 2370 inventorumque
826 2299 1016 2354 nostrorum.
1061 2291 1119 2354 sed
1140 2300 1186 2365 tu,

105 2380 133 2434 ut
151 2370 278 2457 dignum
302 2380 353 2436 est
379 2381 435 2436 tua
461 2391 538 2457 erga
563 2383 671 2436 meet
698 2373 932 2458 philosophiam
959 2376 1122 2438 voluntate
1145 2374 1187 2437 ab

105 2454 330 2523 adulescentulo
361 2467 523 2542 suscepta,
558 2456 612 2522 fac
645 2467 681 2521 ut
711 2457 890 2523 Metrodori
919 2468 1029 2522 tueare
1060 2457 1187 2524 liberos.

106 2533 159 2593 tic.
170 2538 203 2595 de
213 2537 294 2594 finib.
308 2537 348 2610 11,
360 2538 403 2593 96.
416 2537 500 2612 Diog.
512 2537 607 2594 Laert.
620 2538 659 2608 X,
670 2539 713 2594 22.

319 2805 322 2810 .
400 2746 432 2812 k.
476 2771 517 2811 ux
533 2769 657 2813 arreum
674 2769 883 2813 mansuesco.

105 2863 454 2988 omnqsmnrqpumffirqeqd
465 2866 502 2920 sit
513 2865 596 2990 qupid,
609 2865 876 2990 cupirhlldissqlutione,
887 2865 918 2921 id
929 2869 1190 2992 “tdm‘i‘fl’nfflffi

104 3023 157 3080 nos,
168 2949 394 3084 (ripicuriilatam
409 2950 668 3082 mpprrqtpetppplue
680 2951 984 3084 dilisderllenhmcdv'edlbt
999 2951 1129 3082 ghend?
1153 3019 1190 3072 ut

104 3087 358 3174 Amynomachus
383 3103 416 3157 et
441 3092 656 3170 Timocrates,
683 3092 816 3159 heredes
842 3093 907 3170 sui,
934 3092 974 3157 de
996 3091 1190 3157 Hermarchi

105 3177 247 3242 sententia
267 3175 343 3242 dent
361 3177 447 3260 quod
465 3177 541 3242 satis
555 3179 596 3243 sit
613 3179 654 3244 ad
668 3178 753 3244 diem
766 3178 928 3266 agendum
940 3177 1080 3242 natalem
1094 3198 1189 3242 suum

105 3263 262 3339 quotannis
284 3285 394 3328 mense
412 3260 602 3330 Gamelione
623 3265 764 3348 itemque
786 3263 934 3330 omnibus
956 3262 1119 3328 mensibus
1141 3259 1190 3324 vi-

106 3345 231 3413 censimo
259 3346 313 3412 die
338 3348 434 3414 lunae
461 3347 537 3416 dent
559 3350 600 3415 ad
627 3371 737 3416 eorum
754 3350 887 3436 epulas,
914 3345 970 3433 qui
991 3370 1057 3413 una
1079 3367 1188 3414 secum

105 3427 215 3562 Elffl⁰⁸⁰
238 3432 308 3529 heti
334 3433 413 3511 sint,
438 3442 474 3531 ut
496 3445 529 3500 et
549 3436 599 3532 sui
625 3446 658 3499 et
678 3435 858 3500 Metrodori
880 3433 1034 3500 memoria
1056 3431 1188 3499 colatur.

128 3527 162 3567 rc.
174 3515 208 3569 de
270 3514 298 3570 b.
311 3515 349 3587 H,
362 3516 422 3571 101.
433 3515 518 3588 Drog.
532 3516 626 3573 Laert.
638 3517 677 3586 X,
689 3517 732 3571 18.

307 3735 387 3795 xvr.
422 3733 600 3794 surorum
616 3705 651 3792 n,
668 3734 816 3792 arcun
834 3736 894 3792 ra.
912 3735 971 3792 en.
1038 3779 1040 3784 .

161 3851 246 3902 exstat
256 3845 368 3904 hhellus
380 3845 535 3919 Ciceronis,
551 3847 600 3919 qui
615 3848 656 3903 ita
666 3848 826 3906 inscribitur
847 3842 988 3909 edictum
1010 3839 1106 3905 Lucii
1123 3831 1190 3902 Ra·

110 3918 162 3987 cllii
180 3924 298 3992 tribuni
318 3927 416 4013 plebi,
437 3931 512 4002 quod
527 3932 579 3988 sub
595 3933 706 3988 nomine
721 3933 810 4004 ipsius
826 3931 923 3989 (iicem
940 3929 1052 4003 scripsit
1065 3929 1096 3983 in
1112 3926 1187 3982 inre-

109 4003 215 4131 gtoiptqqqu
229 4008 262 4066 Ρ.
275 4007 365 4066 clodi.
403 4008 512 4066 Schol.
532 4008 611 4066 Bob.
627 4010 658 4066 in
674 4027 712 4066 or.
729 4028 758 4084 p.
775 4005 891 4066 Plancio
907 4005 1130 4080 p.268,201qq.
1144 4003 1189 4059 ed.

928 4161 962 4216 62
