2674 4558
145 233 189 298 26
491 247 529 302 M.
549 247 685 305 TULLII
704 245 903 307 CICERONIS

210 371 241 434 4.
264 377 451 447 persuadendi
466 375 508 430 vis
525 375 711 432 affirmatione
728 381 863 446 (constat),
881 392 953 446 quac
969 360 1080 432 interim
1096 375 1160 446 plus
1177 377 1264 448 ipsis

145 461 356 532 probationibus
379 462 467 516 valet:
491 479 533 521 an
551 457 612 520 ista
627 461 720 532 inquit
737 459 844 517 Calidio
857 459 963 533 Cicero,
980 457 1015 521 si
1030 479 1105 522 vera
1127 469 1260 532 essent,

144 542 192 607 sic
210 565 230 605 a
247 553 279 607 te
298 540 495 607 dicerentur?
539 546 716 618 Quintili,
729 549 755 617 3,
768 547 828 603 155.

210 625 241 690 5.
264 630 386 701 memini,
399 649 461 686 cum
474 630 618 702 (Calidius)
630 633 661 688 in
672 633 848 689 accinatione
861 649 911 688 sua
922 632 956 697 Q.
970 631 1063 690 Gallio
1075 631 1188 688 crimini
1202 634 1261 688 de·
1328 627 1329 632 ’

145 708 241 778 disset,
259 707 314 764 sibi
330 725 393 764 eum
408 725 544 764 venenum
564 708 707 781 paravisse
727 709 812 780 idque
828 727 845 765 a
861 727 892 774 se
914 726 974 764 esse
996 711 1204 791 deprehensum
1218 741 1261 750 -
1328 715 1329 770 J

146 777 298 832 diceret-
313 795 358 832 me
374 777 404 832 in
419 778 613 860 respondendo
628 809 663 819 -
678 778 731 833 hoc
746 778 838 848 ipsum
855 777 941 833 ctiam
955 795 1079 849 posuisse
1095 796 1145 848 pro
1162 795 1261 860 argu:

145 851 239 900 mento
255 846 331 917 (eum
345 863 400 900 non
416 847 579 902 verisimile
596 847 720 918 dixisse),
737 849 811 916 quod
826 847 874 901 ille
891 865 953 900 cum
964 853 1071 917 pestem
1084 846 1187 918 capitis
1207 865 1259 900 sur

127 907 181 954 ⁰-
192 919 383 969 manutenere
395 914 509 985 diceret,
525 921 583 970 tam
596 916 684 970 solute
698 915 809 986 egisset,
821 921 878 970 tam
890 914 998 984 leniter,
1009 921 1068 968 tam
1080 915 1257 970 oscitanter:
1328 945 1329 958 ι

145 1000 182 1050 tu
199 987 292 1063 istuc,
310 987 358 1050 M.
379 984 499 1062 Calidi,
517 988 579 1052 nisi
596 987 749 1072 fingeres,
773 987 818 1051 sic
836 1009 948 1071 ageres
966 987 1151 1072 praesertim
1172 1009 1256 1050 cum

144 1071 208 1136 ista
226 1072 407 1155 eloquentia
425 1073 601 1137 alienorum
623 1073 788 1137 hominurn
805 1073 948 1158 pericula
966 1072 1137 1138 defendere
1156 1094 1256 1136 acer-

146 1156 225 1222 rime
244 1157 360 1233 soleas,
387 1170 478 1222 tuum
502 1158 709 1243 neglegeres?
735 1157 790 1222 ubi
809 1158 918 1222 dolor?
943 1157 1001 1222 ubi
1023 1159 1118 1222 ardor
1135 1157 1253 1233 animi,

145 1243 202 1326 qui
224 1243 320 1308 etiam
347 1265 387 1308 ex
413 1243 583 1308 infantium
609 1244 746 1328 ingeniis
770 1243 883 1309 elicere
910 1264 1005 1308 voces
1027 1255 1059 1308 et
1085 1242 1253 1326 querellas
1328 1289 1329 1292 ,

146 1328 245 1394 solet?
279 1328 368 1392 nulla
394 1328 590 1414 perturbatio
617 1330 728 1406 animi,
758 1329 847 1394 nulla
874 1329 1028 1414 corporis,
1063 1327 1152 1396 frons
1179 1349 1252 1392 non

145 1435 307 1498 percussa,
326 1434 390 1477 non
407 1415 527 1491 femnr3
549 1415 655 1500 pedis,
679 1416 766 1498 quod
788 1414 954 1478 minimum
972 1425 1033 1489 est,
1057 1414 1145 1477 nulla
1168 1436 1252 1498 sup·
1328 1417 1329 1466 ἒ

40 1517 42 1521 ’
145 1499 263 1583 plosio:
290 1500 398 1583 itaque
420 1510 545 1564 tantum
563 1501 657 1575 aluit,
685 1512 721 1564 ut
737 1501 949 1564 inflammares
967 1511 1090 1563 nostros
1108 1498 1249 1573 animos,
1328 1547 1329 1584 3

145 1605 294 1649 somnum
311 1585 372 1648 isto
389 1584 460 1650 loco
479 1586 533 1649 vix
551 1585 747 1650 tenebamus.
792 1589 858 1646 Cio.
872 1590 949 1644 Brut.
962 1591 985 1661 ᾗ.
998 1589 1058 1644 all.
1328 1591 1329 1594 ’

210 1669 240 1732 6.
264 1691 325 1754 ego
352 1683 384 1734 te
406 1680 492 1735 certo
515 1671 580 1735 scio
603 1692 712 1736 omues
736 1671 842 1756 logos,
870 1670 925 1754 qui
950 1668 1033 1734 ludis
1058 1667 1134 1732 dicti
1156 1685 1247 1746 sunt,
1328 1689 1329 1692 ’

144 1753 416 1820 animadvertisse.
469 1761 597 1817 Nonius
609 1780 635 1816 v.
647 1761 706 1834 logi
717 1779 745 1833 p.
758 1763 800 1816 63.
1328 1769 1329 1774 ’

210 1839 240 1906 l.
262 1853 494 1924 poematorum.
525 1843 653 1902 Charis.
666 1846 690 1915 Ι,
702 1865 730 1918 p.
743 1847 794 1901 141
806 1846 849 1902 ed.
863 1845 937 1902 Keil.

209 1925 239 1990 8.
262 1931 410 2002 propositis
427 1931 528 2002 quibus
543 1933 702 2002 responsuri
718 1949 826 2002 sumus,
842 1931 1030 2002 quaerendum
1042 1930 1122 1985 nobis
1136 1929 1190 1983 erit
1206 1945 1245 1985 an

143 2008 217 2062 inter
228 2024 258 2062 se
271 2014 432 2078 comparata
446 2009 633 2080 repugnantia
648 2009 716 2079 sint,
732 2015 764 2062 ut
775 2009 832 2063 suis
844 2008 926 2062 armis
939 2013 1085 2075 conruent,
1100 2012 1132 2064 ut
1144 2004 1244 2062 Cicero
1328 2011 1329 2062 l

143 2093 241 2148 -pro
254 2075 356 2146 Gallio,
371 2077 421 2132 ubi
433 2083 577 2133 accusator
589 2077 616 2132 ci
627 2095 739 2133 aversas
750 2076 883 2148 pecunias
895 2075 1010 2145 obiecit3
1027 2075 1069 2130 ibi
1086 2075 1159 2129 enim
1176 2073 1243 2129 dum
1328 2075 1329 2128 3

143 2145 255 2216 singula
265 2143 339 2199 inter
350 2162 380 2200 se
393 2161 454 2200 corn
475 2151 548 2215 arat,
566 2146 683 2201 alterum
699 2147 786 2202 altero
799 2144 908 2200 Tullius
921 2141 1009 2198 diluit.
1046 2143 1068 2197 I.
1083 2142 1242 2198 Severia-

143 2230 204 2268 nus
217 2213 261 2268 sd.
273 2213 366 2268 Halm.
380 2215 440 2284 360,
451 2165 494 2270 ia
865 2214 869 2220 ’
1328 2205 1329 2252 l

207 2285 238 2350 9·
262 2289 295 2355 Q·
310 2289 442 2361 Gallium,
455 2308 537 2361 quem
548 2297 646 2363 postea
657 2307 735 2346 reum
749 2288 870 2346 ambitus
883 2288 1017 2358 defendit,
1030 2287 1189 2360 significare
1200 2288 1241 2342 ri-
1328 2253 1329 2330 i

143 2368 232 2424 detur.
250 2425 252 2429 ,
268 2368 386 2425 Ascon.
399 2367 436 2424 ad
447 2369 528 2439 VIII,
542 2369 583 2423 12.
1328 2413 1329 2482 p

382 2523 419 2578 x.
456 2521 664 2580 carmonis
681 2521 757 2578 pao
775 2521 809 2575 n.
827 2519 993 2576 eunoun.

206 2625 241 2680 ef.
256 2621 1005 2697 cie.ep.adan.11,1,3.P1in.H.N.V11,31,116.

243 2777 295 2831 XI.
332 2776 542 2834 ORATIONIS
560 2777 613 2832 DE
630 2774 956 2834 PROSCRIPTORUM
972 2772 1132 2830 LIBERIS.

207 2883 235 2946 l.
258 2887 408 2942 mollienda
425 2887 508 2942 estin
524 2887 666 2959 plerisque
678 2887 733 2942 aiio
746 2854 836 2942 colbre
848 2887 984 2958 asperitas
995 2884 1137 2955 orationis,
1148 2891 1180 2940 ut
1192 2883 1234 2940 Ci-

140 2981 204 3021 cero
217 2966 252 3020 de
263 2964 480 3046 proscriptorum
491 2963 587 3018 liberis
599 2962 675 3018 iecit.
700 2962 767 3034 quid
781 2963 855 3018 enim
867 2963 1005 3017 crudelius
1017 2978 1100 3032 quarn
1112 2960 1233 3016 homines

141 3033 263 3090 honestis
296 3033 437 3088 arent1bus
449 3049 483 3088 ae
494 3030 645 3087 maioribus
655 3042 736 3086 natos
748 3049 765 3086 a
776 3048 807 3086 re
818 3030 933 3102 publica
944 3029 1126 3086 summoveri?
1141 3029 1233 3100 itaque

140 3103 240 3158 durum
255 3051 294 3156 id
303 3118 363 3157 esse
378 3117 499 3158 summus
514 3100 563 3155 ille
578 3100 784 3156 tractandorum
800 3100 954 3154 animorum
965 3098 1065 3153 artifex
1082 3096 1232 3166 confitetur,

139 3171 243 3226 sedita
253 3170 363 3242 legibus
377 3168 470 3225 Sullae
483 3169 630 3224 cohaerere
646 3173 749 3224 statum
761 3168 881 3224 civitatis
894 3167 1027 3236 affirmat,
1042 3164 1128 3220 uthis
1140 3165 1232 3220 solutis

138 3243 214 3293 stare
228 3239 292 3308 ipsa
307 3255 361 3293 non
377 3238 473 3308 possit.
513 3243 654 3292 assecutus
669 3236 764 3307 itaque
781 3243 837 3307 est,
856 3242 889 3290 ιιι
904 3234 1010 3305 aliquid
1022 3250 1115 3288 eorum
1127 3249 1232 3304 quoque

139 3323 224 3362 eausa
235 3307 377 3362 rideretur
386 3305 488 3374 iacere,
502 3311 597 3362 contra
609 3323 676 3377 quos
689 3306 801 3362 diceret.
838 3303 1014 3371 Quintili,
1027 3303 1052 3372 1,
1064 3303 1107 3357 85.

195 3493 262 3548 XII.
298 3493 507 3553 ORAT10NIS
527 3493 683 3553 CONTRA
701 3493 927 3554 CONT10NEM
944 3489 977 3555 Q·
996 3485 1176 3542 METELLI.

204 3599 234 3663 1.
256 3609 365 3660 utemur
381 3605 466 3662 ctiam
482 3606 626 3680 principiis
642 3607 673 3662 in
688 3607 779 3663 bonae
794 3589 936 3680 opinionis
946 3598 1136 3657 connoversiis
1154 3599 1189 3667 (h.
1206 3618 1229 3657 e.

138 3679 283 3751 ἐνδόξοις),
300 3683 350 3737 sed
361 3682 534 3739 brevioribus
546 3690 576 3740 et
586 3682 766 3742 erectionibus
777 3685 861 3757 paulo
873 3687 902 3737 et
916 3677 1116 3735 confidentibus
1128 3707 1164 3717 -
1174 3676 1229 3732 sine

135 3749 272 3805 iactantia
284 3749 435 3831 dumtaxat,
444 3771 481 3808 ne
491 3770 536 3834 res
544 3753 638 3835 pariat
648 3751 791 3823 invidiam,
802 3759 834 3807 ut
845 3756 888 3808 est
897 3748 967 3804 illud
979 3745 1103 3828 apud-M.
1109 3745 1229 3802 Tullium

137 3824 233 3874 contra
245 3823 401 3874 contronem
412 3820 533 3890 Metelli,
550 3839 580 3876 m
592 3838 647 3892 qua
659 3822 782 3878 exrdtare
798 3821 907 3876 videtur
917 3822 1013 3874 contra
1027 3815 1168 3870 urbanum
1178 3815 1227 3886 pi:

136 3890 243 3956 ubivis
261 3890 313 3956 vel
330 3890 364 3956 in
386 3891 457 3977 ipsa
475 3893 667 3958 consistere?
693 3893 739 3958 sic
756 3892 856 3969 enim,
879 3902 915 3956 ut
933 3889 1059 3975 opinor,
1082 3886 1228 3976 insequar

136 3973 329 4058 fugientem,
365 3979 517 4062 quoniam
538 3979 705 4064 congredi
740 3999 805 4044 non
838 3977 913 4042 licet
948 3997 1021 4041 cum
1055 3971 1225 4066 resistente.

134 4059 210 4126 quod
225 4073 375 4130 numquam
391 4061 517 4132 profecto
532 4067 590 4118 tam
606 4058 754 4133 magnifice
772 4059 864 4115 dicere
880 4057 910 4112 in
922 4056 1033 4113 exordio
1049 4059 1143 4110 statim
1155 4071 1227 4140 orsus
