2714 4554
7 2653 9 2685 ἶ
113 2608 208 2646 somus
218 2592 249 2647 in
259 2592 435 2664 Protreptico
446 2593 483 2647 ad
495 2597 624 2666 nepotem
635 2591 728 2661 (Idyll.
740 2590 791 2659 IV,

543 271 793 332 FRAGMENTA.
1157 265 1219 330 129

202 415 284 477 quae
302 405 336 459 tu
353 397 382 459 ei
399 406 492 460 lotum
503 395 606 480 suerio
623 400 792 484 speculatus
809 401 843 464 ia
861 423 985 477 eanum,

201 491 286 544 certa
305 480 362 544 libi
379 492 490 546 eertum
502 495 624 567 promet
636 488 803 571 preesaqio
821 487 944 551 eoelum.
1178 509 1218 550 sas

526 648 562 705 V.
597 647 809 709 ALOYONES.

178 749 356 831 Adulescens
372 767 436 804 oum
452 755 526 806 esset
542 749 699 823 Gordianus
712 753 849 824 (primns),
866 758 997 826 poemata
1008 756 1062 812 seri
1083 757 1131 827 sit,
1145 772 1218 826 quae

114 834 209 874 omnm
229 823 351 887 exstant,
373 823 402 874 et
418 819 530 889 quidem
546 825 646 876 cuneta
657 821 707 875 illa
723 839 794 878 uuae
812 821 921 893 Cicero,
943 825 1034 880 idest
1081 826 1168 881 arium
1190 833 1219 882 et

115 888 235 942 Aratum
247 891 277 941 et
287 886 449 968 Halcyonas
461 891 490 942 et
500 887 634 944 Uxorium
651 895 679 944 et
691 877 793 946 Nilum.
829 907 902 960 quea
914 894 1027 964 quidem
1038 895 1140 950 adhoc
1151 896 1217 949 scri-

148 955 180 1024 it,
192 959 226 1008 ut
238 953 380 1009 Ciceroms
396 958 526 1026 poemata
537 956 618 1010 nimis
630 957 745 1028 antiqua
758 959 923 1016 riderentur.
959 961 1067 1018 Iulius
1080 960 1216 1034 Capito·

128 1024 205 1078 inus
216 1023 248 1077 in
260 1021 411 1078 Gordianis
423 1041 447 1078 c.
460 1025 485 1078 3.

220 1102 245 1146 et
257 1092 365 1158 Nilum]
378 1102 401 1146 et
413 1094 526 1146 Limone
539 1091 726 1148 casaubonus.

113 1177 246 1248 praevias
260 1177 349 1232 dictus
362 1181 405 1232 est
415 1178 591 1232 antecedens.
629 1177 725 1233 Cicero

203 1249 333 1340 Alcyon
352 1249 438 1314 hune
455 1251 576 1334 genuit,
595 1251 688 1315 elaris
707 1251 855 1336 delapsus
874 1251 915 1315 ab
933 1253 1036 1330 astris,

7 1377 8 1390 ι
201 1334 352 1420 praevius
370 1334 519 1400 Aurorae
538 1335 611 1400 solis
629 1336 796 1420 noctisque
814 1337 951 1402 satelles.

114 1415 245 1474 Nonius
257 1433 285 1487 p.
299 1417 342 1485 65,
354 1417 379 1471 8.

220 1493 359 1548 ‘Olivetus
370 1487 500 1571 Alcyon
515 1509 616 1548 nomen
630 1509 681 1563 pro
698 1493 763 1548 libri
779 1493 861 1550 titulo
876 1493 988 1564 habuit,
1005 1494 1103 1566 prioris
1120 1513 1214 1553 versus

253 1569 529 1692 grincipiumtdeesse
541 1569 700 1660 arbitratus.
726 1569 822 1624 Sermo
834 1575 877 1626 est
888 1575 993 1641 autem,
1005 1576 1037 1626 ut
1048 1571 1166 1646 videtur,
1179 1575 1214 1630 de

279 1653 356 1708 eyce,
369 1654 486 1710 eomuge
499 1637 646 1708 Alcyones.
691 1637 794 1694 Nossa.
1069 1675 1076 1680 -

365 1789 415 1846 Vi.
452 1788 632 1847 UXORIUS.
737 1789 802 1848 VH.
839 1791 964 1850 NILUS.

540 1943 620 2000 Vni
656 1944 788 2000 LIMON.

177 2044 277 2102 Cicero
287 2046 317 2100 in
328 2046 445 2101 Limone
456 2046 638 2114 (Terentium)
650 2046 783 2102 haetenus
794 2047 903 2102 laudat:

199 2131 236 2182 tu
255 2137 394 2201 quoque,
412 2117 469 2202 qui
487 2119 572 2183 solus
589 2119 672 2185 lecto
691 2140 846 2195 sermone,
865 2118 1006 2197 Terenti,

201 2225 391 2268 conversum
409 2225 658 2352 exssressumque
676 2201 794 2268 Latina
811 2225 889 2268 voce
907 2204 1123 2270 Menandrum

199 2288 234 2353 in
250 2289 393 2354 medium
410 2310 453 2352 no
476 2289 502 2353 is
521 2289 638 2353 sedatis
655 2289 795 2353 motibus
814 2288 920 2364 affers,

200 2373 355 2457 quiddam
373 2395 463 2439 come
480 2375 614 2457 loquens
632 2385 728 2457 atque
746 2373 854 2438 omnia
872 2373 978 2437 dulcia
995 2373 1142 2437 miscens.

113 2454 297 2510 Suetonius
312 2457 343 2510 in
353 2457 412 2510 vita
423 2455 552 2510 Terentii
565 2473 588 2510 e.
602 2458 626 2510 5.
640 2455 676 2510 ef.
689 2455 735 2508 Fr.
748 2455 858 2509 Ritschl
874 2455 923 2509 ‘de
934 2457 1080 2525 petitarum
1090 2456 1213 2510 testimo-

113 2523 175 2606 niis,
189 2539 262 2594 quae
275 2529 339 2578 sunt
353 2523 384 2578 in
398 2522 457 2578 vita
469 2524 596 2579 Terentii
608 2522 788 2578 Suetoniana’
800 2521 885 2658 2532)ss
897 2539 937 2592 eq.
962 2520 1090 2576 Imitatus
1103 2527 1145 2577 est
1155 2524 1213 2577 Au·

200 2674 236 2728 tu
254 2685 393 2747 quoque,
412 2664 468 2759 qui
485 2663 618 2727 Latium
635 2661 717 2725 lecto
736 2630 881 2725 sermone
900 2659 1031 2725 Terenti

201 2747 286 2800 comis
300 2751 329 2800 et
340 2746 472 2800 adamato
484 2744 622 2815 pereurris
654 2743 743 2812 ulp1ta
756 2759 844 2811 socco,

201 2813 238 2869 ad
250 2829 322 2868 nova
333 2815 378 2868 vix
389 2829 538 2868 memorem
549 2813 627 2866 diver
647 2827 675 2864 ra
688 2827 759 2882 coge
771 2814 920 2865 senectam.

544 2965 595 3019 IX.
631 2963 787 3022 MARIUS.

176 3069 258 3137 Heri,
270 3086 325 3124 non
336 3069 421 3123 multo
433 3072 496 3139 post
508 3081 592 3137 quam
602 3072 634 3122 tu
643 3083 660 3122 a
668 3083 713 3122 me
723 3066 882 3137 discessisti,
892 3071 959 3138 puto
998 3067 1092 3122 uidam
1102 3068 1211 3138 urbani,

113 3143 146 3192 ut
156 3137 338 3220 ridebantur,
354 3137 392 3192 ad
407 3153 451 3191 me
462 3137 594 3208 mandata
606 3141 635 3192 et
645 3135 752 3190 litteras
765 3136 916 3216 attulerunt
927 3152 945 3188 a
958 3107 987 3189 δ
1000 3133 1091 3216 Mario
1103 3133 1133 3189 O.
1146 3135 1167 3190 f.
1181 3135 1212 3192 Ο.

17 3260 22 3269 ,
115 3225 142 3260 n.
154 3206 251 3260 multra
261 3206 367 3274 verbis,
384 3207 482 3286 ‘agere
493 3220 601 3259 mecum
616 3219 667 3276 per
679 3209 884 3286 cognationem,
901 3219 972 3274 quae
984 3203 1053 3256 mihi
1065 3219 1158 3284 seeum
1171 3221 1212 3258 es-

114 3280 345 3398 atleta
365 3270 1212 3410 laetantia?{ttatt.titt²all¹ttt.t·

113 3382 527 3479 creeriaenefxuaar.
655 3381 662 3410 ’
838 3437 841 3443 2
1042 3357 1062 3412 p
1146 3358 1211 3412 p'

218 3479 325 3560 Marius
337 3477 455 3599 scriptus
466 3477 575 3558 videtur
586 3477 815 3559 non·mu·lto·ante
825 3493 881 3530 au.
888 3476 957 3545 702,
969 3491 1024 3576 quo
1036 3474 1213 3560 annoOieero

254 3546 384 3628 hiarosde
404 3545 768 3628 egrbussorrberemstrtmt.
787 3543 978 3626 Of.M.·Haupt
1002 3545 1135 3600 Berrchte
1143 3548 1213 3603 uber

253 3615 300 3669 dre
313 3613 443 3686 Vhdlgen
456 3614 506 3668 der
515 3612 580 3668 ken.
594 3613 682 3668 sache.
697 3611 762 3669 Ges.
776 3613 826 3668 der
836 3613 1016 3668 Wrssenseh!
1028 3614 1081 3669 vol.
1092 3613 1115 3668 I.
1128 3633 1156 3686 p.
1168 3617 1210 3670 51.

181 3709 211 3772 1.
234 3715 344 3768 Atticus.
368 3712 463 3768 Lucus
479 3710 593 3781 quidem
607 3711 657 3765 ille
674 3715 704 3766 et
719 3711 790 3766 haee
800 3709 978 3782 Arpinatium
994 3726 1111 3780 quereus
1128 3726 1213 3782 agno-

108 3791 202 3846 scitur
213 3805 299 3860 saepe
311 3807 329 3844 a
339 3805 384 3844 me
395 3789 484 3844 lectus
494 3788 525 3842 in
536 3787 634 3843 Mario.
659 3818 686 3830 -·
702 3789 819 3852 Quintus.
826 3788 924 3841 --dum
935 3787 1054 3842 Latinae
1066 3788 1213 3856 loquentur

113 3862 241 3927 litterae,
254 3874 371 3928 quereus
381 3857 448 3912 huic
458 3857 518 3912 loeo
530 3873 586 3912 non
597 3855 699 3926 deerit,
712 3871 784 3926 quae
795 3855 923 3910 Mariana
935 3855 1055 3923 dicetur,
1068 3868 1169 3922 eaque,
1181 3859 1214 3908 ut

111 3929 152 3983 ait
166 3925 304 3982 Scaevola
314 3927 350 3980 de
362 3924 455 3980 fratris
466 3925 522 3980 mei
533 3925 630 3994 Mario,
647 3927 789 3980 ‘canescet
800 3923 898 3979 saeclis
909 3921 1171 3979 innumerabilibus.¹
1185 3950 1212 3961 --

12 3990 18 4003 “
111 4013 168 4067 qua
182 4011 213 4050 re
226 3993 385 4066 glandifera
395 3993 444 4049 illa
456 4007 582 4064 quereus,
595 4009 629 4048 ex
640 4007 697 4062 qua
708 3993 774 4048 olim
785 3993 903 4049 evolavit

201 4066 315 4130 nuntie
332 4065 422 4131 fulva
438 4065 535 4143 Iovis,
553 4063 698 4130 miranda
715 4064 784 4130 visa
801 4063 914 4148 figura,

167 4166 318 4212 weronam.
329 4165 365 4208 x1.
937 4161 954 4214 9
