2674 4558
9 65 15 72 ·
34 63 103 66 ·
148 73 161 88 π
177 67 197 102 :2⁴
213 79 215 84 ,

11 221 13 226 Ι
79 347 81 358 ,
146 231 191 324 58
485 270 522 324 Μ.
542 270 678 330 runnu
696 269 895 326 oronuonrs
955 261 957 268 ⁴
1005 328 1008 333 ,

146 392 225 448 etin
244 391 393 446 Hortensio
413 391 546 446 Lucullus
566 390 864 447 historiam'laudavit.
906 388 1098 445 Scholiasta
1115 389 1247 446 Grono-

147 462 265 516 vianus
275 460 305 514 in
317 476 356 514 or.
368 476 419 530 pro
430 460 494 530 lege
505 457 622 514 Manilia
634 459 659 530 ᾗ.
671 459 714 514 28.
727 477 755 529 p.
767 460 828 528 441,
840 458 875 514 10
885 475 945 530 sqq.
959 459 1003 514 ed.
1016 465 1133 514 nostrae.

214 549 265 614 12.
287 553 327 608 Μ.
339 553 449 608 Tullius
460 552 490 608 in
500 552 662 609 Hortensio:
674 547 751 629 quid
766 547 851 612 enim
865 557 921 611 aut
934 547 1099 612 Herodoto
1117 546 1245 611 dulcius

147 644 204 702 aut
221 633 411 718 Thucydide
429 632 559 718 gravius
583 643 640 717 aut
655 631 790 697 Philisto
813 632 942 698 brevius
960 644 1017 697 aut
1033 632 1245 717 Theopompo

148 720 252 785 acrius
271 732 327 785 aut
343 717 475 803 Ephoro
492 717 600 782 mitius
617 717 752 782 inveniri
770 717 892 802 potest?
927 721 1054 780 Nonius
1069 741 1094 777 r.
1112 739 1198 795 grave
1214 741 1244 794 p.
1324 765 1325 776 .

147 804 209 875 315,
220 803 264 858 27.
275 818 301 856 v.
315 817 379 857 acre
389 819 419 871 p.
431 800 492 871 241,
504 800 547 855 12.
558 817 584 854 v.
597 799 672 854 mitis
683 817 711 870 p.
723 801 784 869 343,
798 801 839 854 10.
1324 807 1325 812 ’

214 891 265 957 13.
289 911 468 968 cognoscere,
489 911 570 951 nosse
589 896 635 951 vel
649 895 815 968 perspicere.
851 895 890 949 M.
908 895 1017 950 Tullius
1036 896 1067 950 in
1081 895 1246 952 Hortensio:

148 978 235 1043 unde
262 988 368 1044 autern
401 975 527 1041 facilius
554 997 651 1058 quern
677 998 718 1040 ex
750 975 913 1041 annalium
942 975 1156 1041 monumentis
1188 988 1247 1039 aut
1325 1045 1326 1050 .

148 1063 265 1200 Pgllica
289 1085 344 1200 {i}
365 1074 424 1199 glut
450 1061 552 1126 omnis
579 1061 625 1124 rei
656 1061 803 1146 publicae
830 1059 997 1146 disciplina
1022 1060 1247 1146 cognoscitur?

90 1161 91 1164 ¹
193 1162 240 1201 em
251 1164 280 1218 p.
346 1186 353 1215 ‚
401 1185 407 1199 .

216 1226 267 1292 14.
289 1245 389 1304 grave,
409 1229 528 1284 solidum
544 1233 572 1282 et
592 1227 709 1282 firmum.
745 1227 783 1281 M.
801 1228 911 1282 Tullius
925 1227 956 1282 in
971 1227 1131 1284 Hortensio:
1158 1223 1245 1288 unde

149 1311 265 1376 autad
283 1311 445 1398 agendtun
462 1320 519 1375 aut
536 1311 578 1374 ad
595 1309 764 1374 dicendum
782 1309 875 1394 eopia
893 1309 1037 1394 depromi
1053 1309 1154 1410 maior
1170 1332 1246 1394 gra·
1326 1317 1327 1322 ’

150 1397 352 1462 vissimorum
370 1397 588 1480 exemplorum
606 1395 698 1480 quasi
715 1395 971 1481 incorruptorum
989 1396 1245 1460 testimomorum

150 1484 273 1568 potest?
307 1488 438 1558 Idemp.
451 1487 511 1555 315,
520 1487 563 1540 21.

217 1577 267 1642 15.
290 1581 432 1638 exordium
456 1585 499 1634 est
525 1580 642 1634 initium.
690 1580 728 1635 M.
753 1581 862 1635 Tullius
876 1581 915 1662 'in
938 1581 1099 1636 Hortensio:
1135 1597 1246 1660 perge,
1327 1560 1328 1602 l

151 1683 281 1746 quaeso,
298 1682 359 1727 nec
377 1659 461 1724 enim
479 1661 625 1744 imperite
643 1682 775 1724 exorsus
793 1682 837 1725 es.
867 1665 959 1721 Idem
970 1685 997 1738 p.
1011 1667 1054 1736 30,
1066 1667 1108 1722 26,

216 1763 268 1829 16.
291 1769 468 1837 contendere,
491 1769 644 1823 intendere.
691 1768 730 1822 M.
754 1769 864 1823 Trdlius
886 1769 916 1824 in
938 1769 1100 1825 Hortensio:
1128 1787 1248 1848 magna

151 1849 248 1914 etiarn
270 1848 369 1914 animi
391 1849 550 1913 contentio
577 1847 758 1913 adhibenda
784 1861 833 1914 est
860 1847 1047 1935 explicando
1070 1849 1246 1924 Aristoteli,
1328 1897 1329 1916 .

151 1935 179 2000 si
196 1936 295 2021 leges.
328 1939 420 1993 Idem
432 1957 460 2009 p.
473 1939 534 2008 264,
548 1939 589 1993 14.

255 2027 392 2081 Aristoteli
402 2024 534 2080 Orellius:
546 2027 685 2080 Aristotele
697 2025 787 2094 codd,
799 2027 826 2079 in
838 2028 977 2080 Aristotele
988 2026 1092 2082 Iunius.

218 2115 268 2180 17.
292 2125 396 2175 comest
415 2136 465 2190 pro
483 2118 610 2174 comedit.
645 2119 683 2172 M.
702 2119 810 2174 Tullius
826 2120 856 2172 in
871 2119 1033 2176 Hortensio:
1056 2114 1114 2180 sed
1132 2114 1172 2179 ad
1191 2137 1247 2178 ex·
1329 2155 1330 2158 ,

152 2213 290 2282 tremum
313 2201 480 2286 pollicetur
505 2199 718 2284 prolaturum,
746 2220 829 2282 quae
851 2222 886 2264 se
908 2199 976 2285 ipse
999 2211 1133 2277 comest,
1159 2199 1246 2284 quod

151 2287 252 2353 efficit
268 2285 506 2352 dialecticorum
523 2285 614 2348 ratio.
650 2289 744 2344 Idem
754 2308 782 2362 p.
795 2289 838 2358 81,
851 2290 894 2346 28.

218 2381 268 2447 18.
290 2386 440 2455 remittere,
452 2386 599 2441 delectare.
623 2384 662 2438 M.
676 2384 786 2440 Tullius
796 2385 826 2438 in
838 2383 998 2441 Hortensio:
1015 2403 1133 2464 quaero
1151 2381 1245 2455 enim,

152 2491 217 2534 non
235 2467 352 2552 quihus
374 2467 537 2532 intendam
560 2466 655 2531 rebus
674 2465 830 2543 animum,
848 2467 904 2531 sed
923 2467 1039 2551 quibus
1057 2467 1197 2532 relaxem
1215 2477 1247 2531 et

152 2555 320 2619 remittam.
356 2558 435 2612 Idem
446 2575 474 2628 p.
487 2558 547 2626 383,
559 2558 601 2611 21.
615 2556 651 2612 of.
663 2575 692 2628 p.
705 2558 765 2628 329,
780 2559 805 2612 5.

218 2647 268 2709 19.
290 2650 430 2705 Ciceronis
441 2650 605 2705 Hortensius
622 2655 717 2706 contra
732 2650 936 2721 philosophiam
948 2651 1083 2705 disserens
1099 2651 1247 2706 circumve-

151 2728 226 2780 nitur
236 2732 337 2806 arguta
349 2727 535 2806 conpluriens,
543 2727 715 2848 'quodbouuprr
727 2726 1249 2850 dilp(epgglphi{loffgp‘halpidgrssrpessnonuiegsieti

151 2793 690 2984 {glliialdlipllrgldsrgrhhlleishhhailaiigridsim
705 2811 754 2929 sitq,
776 2812 926 2930 disputiie.
961 2809 1162 2915 nictanti'ui
1177 2861 1246 2916 Inst.
1329 2879 1331 2924 ς

181 2949 207 2985 Υ.
216 2969 272 3074 20.'
290 2968 435 3084 piaeterea
446 3012 515 3067 illud
528 3029 637 3082 quoque
650 3017 841 3084 argumentum
854 3017 948 3069 contra
959 3013 1162 3086 philosophiam
1173 3017 1249 3072 valet

151 3093 308 3164 plurimum,
321 3107 375 3160 quo
385 3089 460 3144 idem
473 3093 515 3143 est
525 3107 591 3143 usus
603 3089 779 3144 Hortensius:
797 3107 830 3144 ex
843 3107 875 3146 eo
886 3093 968 3162 posse
980 3092 1114 3164 intellegi
1125 3093 1246 3165 philoso-

151 3162 246 3233 phiam
262 3177 316 3214 non
333 3174 393 3213 esse
409 3156 586 3227 sapientiam,
608 3157 682 3228 quod
697 3157 865 3229 principium
882 3166 911 3214 et
926 3161 1003 3234 origo
1021 3159 1080 3215 eius
1100 3169 1243 3234 appareat

153 3231 280 3332 quando
302 3234 393 3305 inquit
418 3228 598 3329 philosophi
620 3251 690 3295 esse
709 3231 901 3333 coeperunt?
918 3231 1047 3311 Thales,
1066 3245 1103 3298 ut
1120 3235 1242 3335 opinor,

152 3337 283 3400 pnmus.
314 3336 424 3381 recens
442 3313 522 3378 haec
540 3313 669 3398 quidem
687 3325 785 3381 aetas.
812 3316 869 3381 ub1
887 3339 964 3403 ergo
984 3318 1069 3404 apud
1087 3321 1245 3404 antiquio-

150 3423 203 3465 res
219 3399 312 3464 latuit
329 3420 417 3464 amor
433 3399 494 3465 iste
510 3400 752 3486 investigandae
769 3402 931 3468 veritatis?
956 3409 1049 3465 Idem
1059 3410 1128 3465 ibid.
1140 3410 1164 3482 ς.
1177 3410 1220 3465 12.

216 3501 268 3566 21.
289 3506 463 3578 prudentiam
483 3525 502 3564 a
521 3510 690 3582 providendo
710 3511 813 3567 dictam
840 3511 961 3571 dilucide
982 3515 1102 3571 ostendit
1123 3514 1160 3569 Μ.
1180 3516 1248 3570 Tul·

50 3609 54 3618 ’
151 3592 205 3646 tius
216 3590 246 3644 in
257 3590 420 3646 Hortensio:
441 3588 476 3652 id
497 3591 582 3655 enim
600 3606 649 3656 est
667 3593 831 3678 sapientis,
849 3595 1018 3679 providere
1024 3622 1033 3674 3
1057 3619 1095 3660 ex
1114 3615 1177 3678 quo
1196 3620 1247 3661 sa-

152 3669 272 3757 pientia
289 3681 336 3736 est
354 3673 514 3758 appellata
531 3677 708 3760 prudentia.
738 3684 867 3742 Nonius
878 3702 907 3756 p.
919 3683 963 3756 41,
972 3687 1015 3742 30.

216 3764 269 3829 22.
291 3786 345 3840 quo
357 3773 408 3827 sub
421 3774 497 3829 caelo
509 3781 558 3830 aut
566 3793 622 3847 qua
630 3779 682 3834 sub
691 3785 770 3851 parte
783 3779 862 3853 caeli,
872 3785 922 3835 aut
929 3783 1079 3837 secuudum
1087 3780 1247 3852 Epicureos,

171 3847 411 3984 &nihilitldunt
422 3865 482 3906 esse
495 3851 595 3967 caelos,
607 3859 638 3909 ut
650 3852 746 3912 Cicero
757 3857 788 3912 in
795 3856 954 3914 Hortensio.
979 3857 1114 3914 Servius
1125 3857 1247 3931 chirg.

216 3993 269 4058 23.
290 4001 418 4073 tandem3
434 4005 486 4061 hoc
502 4007 563 4062 loco
574 4015 656 4064 vacat
666 4011 788 4066 tendent.
818 4013 959 4068 sciendum
971 4028 1037 4068 sane
1049 4013 1150 4067 multas
1160 4013 1248 4082 parti·

147 4075 227 4130 cnlas
240 4076 275 4131 ad
288 4083 413 4134 ornatum
428 4083 566 4153 pertinere
581 4089 780 4159 tantummodo,
796 4093 829 4143 ut
840 4095 909 4162 puto
921 4091 1003 4162 enim,
1020 4089 1093 4160 dum,
1111 4085 1250 4162 gentium,
