2674 4558
131 221 174 288 22
474 231 512 286 M.
531 231 666 290 TULLII
684 231 882 290 CICERONIS

133 381 229 423 causa
258 355 417 440 delegisti,
450 355 535 420 hunc
565 355 860 420 honestissimarum
891 379 998 420 rerum
1025 357 1241 420 defensorem

132 443 269 528 populus
280 442 444 507 Romanus
464 453 592 506 auctore
610 452 641 506 te
659 441 828 525 repudiare
845 443 968 527 potest?
985 441 1047 505 nisi
1065 441 1146 506 forte
1167 441 1242 505 hoo

132 529 274 593 dicturus
298 551 347 606 es,
375 549 439 612 quo
461 538 603 611 tempore
626 549 646 590 a
662 526 703 589 L.
724 524 844 591 Caleno
866 527 944 590 furti
967 527 1089 592 delatus
1108 527 1168 603 sis,
1195 548 1242 590 eo

131 627 273 699 tempore
291 615 325 678 in
342 636 393 678 me
411 612 469 677 tibi
486 634 599 697 parum
618 611 716 676 auxili
735 635 803 676 esse
823 611 949 677 vidisse.

235 732 322 769 veram
338 733 396 768 cam
412 723 499 782 ayaet
511 714 595 768 Mucii
610 731 717 767 causam
736 715 834 780 Cicero,
851 715 917 766 sicut
930 715 1059 768 Catilinae
1075 715 1156 782 misse
1174 729 1242 766 eum
1326 769 1327 772 Ἴ

183 785 265 838 videri
279 786 333 838 vult
344 784 499 850 Fenestella,
517 801 565 836 cnr
576 785 641 849 iam,
658 785 775 852 qtiamaie
786 785 855 836 male
866 783 989 836 existimet
1000 785 1030 836 de
1043 799 1125 836 cansa
1136 781 1245 862 Mucii,

183 862 269 906 tamen
285 853 310 906 ei
324 853 460 922 exprobret
472 852 650 921 patrocinium
665 867 752 917 suam,
773 868 827 903 non
842 852 908 911 idem
922 853 950 903 in
965 851 1079 905 Catilina
1093 850 1194 916 faciat,
1215 865 1242 900 ae
1326 901 1327 904 ,

182 923 257 974 modo
272 939 323 990 pro
339 939 368 974 eo
384 922 469 974 cteta
487 929 532 977 ant
549 937 596 972 our
604 922 697 1054 Vsum
713 921 780 972 illud
795 919 916 972 indiciam
928 921 1031 988 saepias
1047 921 1075 971 in
1091 917 1241 984 infamiam

183 993 275 1044 uocat?
291 991 360 1058 qaod
366 989 477 1058 parcitis
489 989 588 1041 videtur
618 990 685 1040 aisse
696 987 830 1054 facturas,
847 989 871 1040 si
880 989 908 1040 in
920 1005 949 1040 eo
962 988 1056 1040 indicio
1068 987 1160 1054 fnisset
1180 1003 1240 1054 pa·
1326 979 1327 1044 J

184 1067 283 1110 tronus.
319 1066 408 1127 atque,
425 1066 454 1109 at
471 1057 525 1110 alia
542 1058 669 1123 ancillam,
686 1055 734 1110 loc
750 1066 817 1110 certe
832 1057 875 1109 oia
890 1057 988 1109 videtur
1005 1056 1120 1109 dicturus
1136 1055 1237 1122 fuisse,
1326 1105 1327 1108 ,

182 1128 208 1180 ci
217 1128 263 1179 illo
271 1135 386 1196 patrono
401 1127 514 1180 Catilina
526 1127 727 1194 repetundarum
740 1126 873 1178 absolutus
885 1134 962 1177 esset:

197 1215 226 1292 7,
245 1215 276 1279 8.
300 1215 417 1299 stupris
436 1237 471 1279 se
490 1213 637 1279 omnibus
656 1237 693 1279 ac
712 1215 839 1362 flaliffis
862 1215 1105 1292 contaminavit3
1130 1215 1235 1282 caede

132 1301 255 1367 nefaria
269 1300 462 1377 cruentavit3
481 1300 610 1400 diripuit
628 1301 743 1376 socios3

775 1322 861 1385 eges,
880 1302 1093 1384 quaestiones,
1110 1302 1238 1367 iudicia
1326 1331 1327 1334 ¹

132 1387 264 1451 violavit
280 1422 323 1432 -
338 1402 361 1445 et
372 1401 476 1460 postea.-
497 1386 575 1468 qu1d
589 1407 659 1470 ege,
669 1396 706 1450 ut
717 1385 908 1450 iuvolaveris
921 1387 1127 1472 provinciam,
1137 1410 1237 1487 prae·
1326 1411 1327 1414 ¹

134 1473 256 1537 dicem?
281 1495 357 1535 narn
374 1480 410 1534 ut
432 1481 463 1535 te
481 1471 546 1534 illio
563 1471 716 1555 gesseris,
736 1494 799 1535 non
818 1472 920 1536 audeo
940 1472 1058 1548 dicere,
1077 1495 1236 1556 quomam

134 1559 297 1622 absolutus
317 1579 362 1621 es.
405 1556 552 1620 mentitos
576 1578 644 1620 esse
668 1557 790 1638 equites
808 1557 985 1632 Romanos,
1008 1557 1105 1621 falsas
1129 1557 1234 1622 fuisse
1326 1553 1327 1582 ³

134 1643 271 1725 tabellas
285 1640 523 1704 honestissimae
543 1639 678 1704 civitatis
693 1641 855 1718 existim03
873 1641 1041 1704 mentitum
1055 1641 1097 1724 Q.
1112 1643 1236 1707 Metel·
1326 1643 1327 1712 ἶ

133 1729 199 1792 lum
217 1727 324 1801 Pium,
342 1725 506 1790 mentitam
524 1725 683 1788 Africam:
707 1725 823 1791 vidisse
840 1736 919 1810 puto
938 1727 1141 1828 nescioquid
1158 1729 1233 1793 illos
1326 1779 1327 1784 1

133 1811 264 1887 iudIces,
283 1811 338 1893 qui
356 1821 387 1874 te
404 1811 605 1874 innocentem
621 1810 811 1875 iudicarunt.
842 1833 861 1874 o
879 1811 984 1888 miser,
1003 1833 1059 1895 qm
1076 1836 1141 1879 non
1159 1836 1234 1878 sen·

133 1899 194 1962 tias
210 1897 264 1961 illo
281 1894 398 1960 iudicio
413 1905 444 1959 te
462 1915 527 1960 non
540 1895 733 1970 absolutum,
752 1919 864 1960 verum
883 1897 926 1961 ad
943 1897 1073 1982 aliquod
1087 1899 1231 1965 severius
1326 1919 1327 1922 ’

134 1981 286 2048 iudicium
304 2003 342 2044 ao
360 1980 462 2044 maius
482 1981 673 2066 supplicium
691 1983 902 2048 reservatum!

237 2082 324 2134 verine
335 2098 396 2149 cryc
414 2081 496 2134 simile
508 2091 558 2149 eat,
575 2083 637 2134 lzaea
649 2099 705 2134 eum
721 2083 848 2136 Catilinae
861 2085 972 2152 obicere,
989 2087 1014 2138 si
1023 2087 1069 2138 illo
1082 2085 1233 2153 defendente
1326 2093 1327 2146 t

186 2150 318 2202 absolutas
331 2152 413 2202 esset!
431 2158 571 2218 praeterea
583 2161 665 2203 movet
676 2168 723 2218 me,
740 2153 817 2220 quod,
835 2168 892 2205 anm
905 2155 956 2206 sint
969 2155 1148 2207 commentarii
1160 2154 1231 2208 Cice·
1326 2149 1327 2206 l

185 2219 258 2270 rania
270 2233 423 2284 causarum,
436 2219 513 2270 etiam
525 2217 715 2287 defensionum,
734 2224 945 2286 commentarium
957 2231 1003 2274 cat
1014 2225 1175 2290 principiam
1187 2221 1230 2259 Η
1326 2225 1327 2256 ³

185 2287 223 2338 ita
234 2286 304 2366 quod
314 2287 407 2338 iudicio
419 2286 553 2339 absolutas
565 2296 602 2339 est
617 2289 738 2354 Catilina,
751 2297 779 2340 at
793 2289 899 2342 Clodiae
911 2289 1018 2356 infamis
1030 2291 1110 2357 fuerit
1121 2290 1140 2326 ὕ
1148 2307 1230 2358 prae-
1326 2295 1327 2362 i

185 2364 315 2490 macutus
326 2371 396 2420 esse,·
410 2371 473 2408 nam
489 2363 512 2407 et
528 2355 631 2408 reiectio
648 2357 760 2408 indicam
777 2359 812 2409 ad
824 2358 960 2411 arbitrium
976 2360 1018 2412 rei
1031 2359 1164 2411 videbatur
1176 2375 1231 2411 esse

200 2431 267 2476 acta.
701 2447 717 2482 a
738 2437 739 2441 ’

69 2602 82 2614 ”
134 2595 271 2661 hominis
285 2596 424 2661 maxime
441 2596 614 2681 popularis,
634 2599 745 2681 quanti
762 2597 892 2676 faceret,
912 2600 1058 2664 ostendit.

239 2697 349 2747 dicimus
361 2705 384 2748 et
392 2699 474 2764 paulo
488 2705 556 2762 ante,
569 2698 654 2750 Marii
665 2708 743 2766 capnt
756 2699 896 2751 Catilinam
903 2715 954 2766 per
965 2699 1053 2752 urbem
1066 2699 1160 2752 tulisse.

200 2779 252 2843 10.
275 2802 327 2844 me
345 2798 409 2862 qua
427 2783 566 2846 amentia
587 2783 736 2848 inductus
755 2784 796 2848 sit
813 2794 849 2847 ut
866 2793 1094 2859 contemneret,
1113 2785 1226 2850 const'·

136 2879 224 2930 tuere
245 2885 311 2928 non
337 2886 477 2950 possum.
527 2876 635 2928 utrum
658 2889 759 2950 aequo
783 2868 888 2930 animo
912 2867 1052 2930 laturum
1070 2866 1149 2955 (me)
1170 2893 1226 2956 pu-

135 2949 233 3015 tavit?
260 2958 292 3013 at
315 2949 348 3012 in
366 2970 423 3012 suo
446 2948 692 3014 familiarissimo
710 2951 846 3027 viderat,
870 2974 921 3017 me
945 2975 985 3017 ne
1004 2953 1136 3019 aliorum
1160 2957 1225 3040 qui·

136 3037 210 3101 dem
227 3035 357 3099 iniurias
375 3034 575 3100 mediocriter
592 3057 686 3118 posse
704 3036 796 3100 ferre.

242 3135 407 3202 manifestum
420 3144 464 3202 est,
479 3135 509 3188 C.
527 3135 630 3188 Verrem
641 3137 793 3208 sienifiaari.

202 3223 253 3298 11,
272 3223 323 3286 12.
346 3224 425 3287 alter
446 3245 560 3307 pecore
584 3224 670 3287 omni
693 3224 821 3288 vendito
844 3236 877 3290 et
900 3226 1033 3292 saltibus
1056 3253 1155 3316 prope
1172 3231 1224 3294 ad·

137 3308 228 3394 dictis
250 3314 400 3392 pastores
416 3309 544 3385 retinet,
571 3330 612 3372 ex
634 3309 750 3392 quibus
773 3310 818 3374 ait
840 3333 888 3386 se,
912 3334 987 3377 cum
1011 3316 1101 3391 velit,
1125 3317 1223 3380 subito

137 3393 346 3478 fugitivorum
367 3393 487 3458 bellum
510 3394 734 3472 excitaturum3
762 3395 842 3461 alter
867 3397 994 3462 induxit
1019 3421 1106 3475 eum,
1133 3421 1223 3483 quem

136 3477 254 3563 potuit,
278 3488 315 3542 ut
337 3489 467 3562 repente
484 3479 676 3564 gladiatores
699 3482 817 3566 populo
836 3504 901 3547 non
919 3483 1042 3548 debitos
1065 3484 1223 3568 pollicere-

136 3576 202 3638 tur;
222 3584 276 3628 eos
293 3563 362 3648 ipse
381 3565 554 3629 consularis
573 3566 760 3631 candidatus
779 3568 939 3654 perspexit
953 3579 985 3632 et
1000 3568 1079 3656 legit
1094 3582 1126 3636 et
1139 3572 1222 3650 emit3

136 3647 196 3735 tid>
213 3660 379 3734 praesente
397 3651 515 3735 populo
533 3651 679 3716 Romano
697 3652 819 3718 factum
837 3663 894 3718 est.

241 3750 269 3802 C.
286 3749 429 3802 Antoniam
445 3751 582 3832 sensificat.
623 3753 652 3813 Q.
672 3753 800 3822 Gallium,
823 3771 896 3825 quern
914 3764 1006 3824 postea
1026 3775 1099 3810 ream
1120 3757 1221 3812 ambitus

189 3817 309 3886 defendit,
325 3819 475 3889 amilcare
489 3820 602 3887 adetum
616 3822 657 3874 aie
673 3823 740 3875 enim
757 3841 814 3876 cum
830 3833 895 3876 esset
907 3834 1051 3892 praeturae
1068 3827 1220 3891 candidatus,

188 3888 258 3955 qaod
268 3886 295 3938 in
307 3887 444 3954 aedilitate,
454 3904 532 3956 quam
545 3898 606 3942 ante
615 3907 713 3943 annum
720 3901 844 3959 yesserca,
859 3892 950 3945 bestias
959 3911 1013 3946 non
1020 3895 1152 3961 talanat,
1162 3896 1221 3948 dedit

186 3955 373 4022 yladiatorinm
385 3956 432 4007 aab
445 3957 525 4024 titulo,
534 3957 611 4026 patri
620 3975 648 4012 ae
659 3960 686 4012 id
698 3961 769 4014 dare.

204 4039 255 4102 13.
281 4043 488 4122 quamobrem
515 4054 630 4130 augete
658 4045 754 4111 etiam
779 4049 973 4126 mercedem,
1001 4049 1028 4113 si
1055 4049 1161 4125 voltis,
1181 4047 1218 4131 Q.

199 2510 230 2575 9.
246 2511 410 2612 'populum
427 2531 517 2588 vero,
541 2534 614 2575 cum
635 2511 833 2596 inspectante
855 2515 975 2600 populo
994 2514 1112 2581 collum
1130 2515 1228 2580 secuit
1326 2577 1327 2582 ,
