2674 4558
485 255 737 314 FRAGMENTA.

273 462 355 518 XIV.
392 460 600 518 ORATIONIS
617 461 695 516 PRO
714 459 745 516 C.
762 461 949 518 ANTONIO.

135 571 279 655 ὕποπτος
295 612 341 624 -
361 571 378 640 b
396 579 544 664 Κικέρων
561 580 610 660 τῷ
632 599 669 642 τε
687 580 833 661 Καίσαρι
854 577 910 642 καὶ
932 579 979 662 τῷ
997 583 1164 670 Πομπηίῳ

85 670 232 757 γενόμενος
255 668 483 754 ἐβεβαιώσατο
506 666 564 756 τὴν
582 665 744 737 ὑπόνοιαν
763 667 796 735 ἐν
817 675 858 758 τῇ
876 665 960 756 ὑπὲρ
979 676 1037 735 τοῦ
1052 667 1166 738 Ἄντω-

85 769 139 832 tlov
156 759 328 851 ἀπολογίᾳ.
350 800 394 812 -
411 759 496 848 ὑπὲρ
516 759 619 829 αὐτοῦ
640 763 727 844 τότε,
748 758 806 829 ὅτε
823 765 879 830 καὶ
897 763 1114 852 συνάρχοντός
1132 765 1165 831 ol

86 854 245 943 inepbiuair
269 861 416 924 πλεῖστα
439 854 523 924 κατὰ
545 861 606 923 τοῦ
627 862 798 944 Καίσαρος
819 854 865 937 ὥς
890 859 946 924 καὶ
972 857 1080 926 αἰτίαν
1106 865 1166 945 τῆς

86 953 157 1039 iquq
181 949 269 1040 αὐτῷ
302 957 531 1040 γεγενημένου,
561 950 770 1040 καταδρομὴν
802 951 983 1040 ἐποιήσατο
1009 961 1065 1020 καί
1090 978 1165 1020 τινα

86 1043 156 1133 oirqi
172 1049 224 1113 uui
242 1047 555 1134 προσελαιὸόρησεν.
602 1051 693 1107 Cass.
705 1051 771 1108 Dio
782 1051 950 1124 xxxvm,
963 1054 1005 1108 10.

116 1232 172 1290 XV.
205 1231 570 1290 INTERROGATIONIS
588 1231 642 1288 DE
659 1231 762 1288 AERE
779 1232 924 1289 ALIENO
943 1231 1112 1291 MILONIS.

310 1320 515 1364 esauunuaan
528 1319 733 1363 scnomtsree
747 1318 910 1362 sosmusa.
943 1365 947 1373 ,

122 1406 145 1458 in
160 1407 264 1458 eundem
280 1423 384 1458 annum
401 1406 562 1458 consulatum
574 1405 707 1474 petierunt
719 1405 749 1457 Τ.
761 1403 865 1457 Annius
876 1403 944 1458 Milo
961 1413 985 1457 et
1000 1406 1029 1466 Q.
1042 1406 1165 1460 Metellus

83 1473 153 1540 Scipio
163 1483 185 1526 et
196 1476 355 1542 Hypsaeum
371 1492 421 1544 quo
438 1491 508 1526 anno
525 1475 603 1526 etiam
614 1475 647 1527 P.
663 1473 768 1526 clodus
779 1473 900 1540 Pulclter,
917 1473 1035 1526 inimicus
1051 1474 1118 1543 eius,
1135 1477 1163 1528 in

82 1551 198 1608 praeturae
213 1545 357 1596 candidam
373 1551 486 1594 uenerat.
522 1543 588 1595 idem
604 1558 663 1594 cum
679 1541 801 1610 petitioni
813 1541 925 1604 Milanii
940 1543 1123 1596 adversaretur
1139 1553 1164 1596 et

83 1611 165 1664 comitio
186 1613 267 1666 multo
288 1620 313 1664 et
333 1611 410 1664 vario
425 1611 535 1664 ammtus
552 1627 647 1682 penore
667 1609 796 1674 turbaret,
818 1626 869 1679 quo
885 1610 969 1678 mapis
985 1611 1123 1680 Hypsaeum
1138 1621 1163 1664 et

82 1679 151 1745 Sapie
166 1682 283 1732 eonsules
300 1679 513 1748 dampnaremur,
529 1679 598 1733 Milo
616 1687 701 1732 autem
719 1679 850 1748 repulsam
866 1677 960 1746 ferret,
977 1695 1031 1759 per
1046 1680 1092 1732 bos
1107 1681 1163 1734 dies

82 1755 166 1800 senatus
177 1757 336 1800 convocatus
348 1756 399 1800 est:
416 1748 488 1816 apud
503 1763 576 1816 quem
589 1749 621 1800 P.
636 1746 741 1800 Gladius
756 1748 923 1800 invectionem
934 1747 984 1800 sibe
995 1765 1049 1800 non
1061 1757 1161 1802 tantum

82 1824 155 1868 cadro
168 1817 308 1882 Milonem,
330 1833 418 1868 vnum
439 1815 516 1868 etiam
535 1824 629 1868 contra
649 1815 734 1883 ipsum
754 1815 792 1868 M.
815 1815 929 1868 Tullium
950 1818 1161 1870 contumeliosam

82 1890 140 1951 atque
149 1900 268 1952 asperam
280 1884 439 1953 depoposcit,
451 1892 480 1935 ut
491 1884 614 1937 ambitum
625 1883 723 1936 moueri
732 1883 766 1936 ab
778 1899 807 1936 eo
820 1883 927 1949 diceret,
939 1887 1063 1953 quoniam
1074 1887 1163 1938 multis

82 1967 129 2017 erqo
138 1969 188 2004 rem
196 1954 333 2022 publicam
344 1953 443 2006 memus
451 1954 615 2020 praevaleret
619 1971 631 2018 ;
644 1953 695 2004 orm
707 1951 796 2003 moliri
806 1952 882 2004 etiam
890 1969 941 2020 per
953 1961 1070 2005 armatos
1081 1953 1163 2004 bomi-

82 2035 115 2070 aa
124 2021 303 2074 criminaretur
307 2040 319 2086 ,·
330 2022 366 2074 ad
376 2029 516 2073 extremum
528 2022 603 2089 lonqe
614 2021 707 2086 mous,
719 2037 797 2090 quam
809 2021 920 2086 baberet,
933 2021 1003 2074 aeres
1014 2020 1097 2073 alieni
1106 2038 1162 2074 esse

80 2086 215 2153 professum:
227 2107 292 2143 nam
305 2089 451 2143 sestertium
462 2089 578 2158 senapies
590 2090 617 2140 in
629 2106 690 2141 acre
702 2089 788 2142 alieno
800 2105 827 2140 se
839 2089 932 2141 babere
943 2087 1082 2156 professus
1093 2090 1163 2143 Milo

82 2158 197 2210 reundum
215 2167 327 2212 veterem
348 2157 556 2210 consuetudinem
575 2155 672 2224 ficerat.
708 2173 768 2209 cum
787 2157 866 2224 iqitur
886 2157 978 2210 obuiae
998 2159 1162 2210 contenderet

83 2223 167 2278 Clodius
184 2244 237 2279 non
255 2234 379 2295 oportere
390 2235 491 2294 petere,
512 2226 559 2295 qui
572 2241 667 2294 maquo
684 2241 745 2278 aere
762 2225 847 2278 alieno
864 2225 1027 2290 defeneratus
1044 2227 1162 2294 praedae

80 2291 185 2346 nderetur
205 2295 345 2348 habiturus
366 2311 421 2350 esse
441 2311 496 2346 rem
517 2294 662 2362 publicam,
687 2293 843 2348 contradicit
867 2294 921 2344 eius
941 2294 1106 2346 insectationi
1119 2295 1160 2346 M.

82 2359 164 2429 θίιαι,
181 2365 226 2433 qui
240 2362 428 2430 familiaritate
440 2363 586 2431 pracapua
597 2362 723 2416 Mlanem
740 2361 861 2428 diliqebat
873 2361 904 2411 ab
920 2361 947 2412 id
962 2362 1073 2414 manime
1084 2361 1161 2414 meri·

81 2433 131 2495 tum,
145 2433 209 2500 quod
219 2431 409 2484 restitutionem
425 2447 489 2484 suae
503 2431 635 2499 dopnitatis
651 2431 684 2483 ab
697 2430 783 2482 eodem
796 2428 898 2480 tribuno
911 2429 996 2496 plebis
1011 2430 1162 2482 meminerat

81 2497 189 2564 admem-
210 2508 313 2570 quanta
329 2507 415 2552 autem
431 2500 490 2551 odio
505 2499 622 2551 babuerit
637 2501 669 2552 P.
689 2497 807 2550 Clodium
828 2495 882 2547 iam
902 2503 1059 2562 compertum
1075 2505 1114 2548 est
1129 2513 1161 2548 ec

82 2567 217 2622 motionibus
228 2569 304 2622 illius
313 2569 445 2636 plurimis,
458 2567 550 2636 quibus
561 2569 616 2618 eius
626 2566 707 2618 uitam
718 2579 853 2632 moresque
864 2564 999 2641 dilacerat.
1034 2580 1067 2616 ea
1077 2564 1161 2631 iurpin

81 2632 155 2702 itaque,
166 2639 234 2707 quod
244 2637 315 2690 inter
327 2644 508 2702 semoverunt,
521 2635 606 2688 oratio
618 2635 670 2686 ista
682 2633 825 2700 composita
837 2639 887 2697 est,
900 2631 974 2682 cuius
985 2631 1164 2700 inscriptionis

82 2701 174 2772 titutum,
188 2706 347 2776 priusquam
362 2704 534 2758 commentari
547 2702 702 2770 adprediar,
720 2700 914 2768 explanandum
928 2707 1005 2767 puto,
1022 2717 1075 2752 non
1087 2700 1121 2754 ab
1132 2717 1163 2754 re

81 2771 209 2827 antinous
224 2774 345 2841 futurum
361 2774 482 2839 [nostris]
501 2771 651 2836 lectoribus,
676 2769 843 2821 siccationis
864 2769 966 2821 titulum
985 2786 1039 2821 non
1060 2769 1163 2822 indocte

79 2845 250 2908 perspexerint:
273 2842 368 2912 quippe
387 2841 537 2894 inscribitur
559 2844 755 2891 tarsumenno
770 2843 811 2887 aa
830 2845 905 2888 tetta
924 2845 1025 2889 tutatio
1040 2846 1162 2890 outcome.

82 2905 275 2978 interropctionis
290 2920 376 2962 autem
391 2927 445 2962 non
460 2926 515 2962 una
530 2909 627 2976 species
643 2915 712 2973 erat,
728 2907 774 2959 sed
788 2906 877 2972 uaria,
893 2914 922 2958 ut
938 2905 992 2958 alia
1003 2905 1163 2976 sipnificaret

82 2981 235 3034 accusationis
248 2978 478 3044 dmuntiatianem,
494 2977 580 3047 qualis
591 2977 640 3028 illa
651 2975 826 3043 praescriptio
839 2983 876 3026 est
886 2974 1013 3026 orationis
1025 2975 1092 3039 eius,
1109 2991 1163 3042 qua

81 3059 131 3095 utut
144 3046 191 3113 fuit
205 3052 234 3101 in
250 3063 309 3100 eum
320 3049 352 3100 P.
367 3047 485 3112 Clodius,
507 3061 565 3098 cum
586 3044 683 3112 leqibus
701 3046 892 3112 interropaseet.
929 3041 1026 3109 lapibus
1041 3042 1108 3093 enim
1125 3043 1163 3092 sic

82 3109 282 3184 btaroqotamr,
305 3115 448 3185 inquirente
468 3121 629 3178 accusatore,
654 3129 689 3163 an
711 3111 799 3163 omnia
818 3110 957 3164 secundum
978 3110 1062 3176 lequm
1081 3125 1162 3177 prae·

82 3181 164 3250 scripta
173 3185 281 3252 qaaerit
293 3183 323 3250 is,
336 3184 380 3236 cui
390 3183 487 3236 crimen
499 3181 686 3234 intendebatur.
710 3187 768 3234 erat
779 3180 834 3232 alia
842 3186 983 3247 praeterea
994 3177 1164 3246 interroqatio

83 3251 172 3317 testium,
182 3254 251 3305 sicut
262 3253 317 3320 ipse
328 3252 368 3304 M.
378 3251 480 3304 stellius
488 3252 521 3304 P.
537 3249 665 3302 Vatinium
677 3256 764 3302 testem
775 3247 960 3315 interroqaoit;
970 3246 1077 3314 proprie
1088 3263 1162 3298 narn·

83 3331 125 3382 que
134 3318 296 3388 interroqatio
308 3319 450 3385 dicebatur,
462 3335 516 3388 qua
527 3326 602 3371 testes
613 3315 845 3384 redarquebantur.
874 3312 951 3367 tertia
962 3315 1025 3366 laec
1036 3321 1073 3368 est
1084 3315 1164 3368 inter·

83 3390 177 3451 repandi
190 3389 301 3458 spectes,
318 3396 347 3440 ut
362 3387 456 3440 Sinnio
471 3385 595 3454 Capitoni
608 3387 713 3450 uidetur,
727 3385 861 3453 pertinens
877 3383 913 3435 ad
928 3380 1045 3453 officium
1061 3391 1085 3436 et
1102 3399 1164 3436 con·

82 3457 222 3510 aetatium
233 3457 406 3510 senatoriam:
418 3456 523 3524 quando
535 3455 602 3507 enim
612 3453 707 3522 aliqtds
718 3452 869 3505 sententiam
877 3453 935 3504 loca
944 3467 991 3503 suo
1000 3450 1054 3503 iam
1063 3451 1165 3506 deuant

83 3529 101 3598 et
110 3525 171 3578 alius
178 3535 272 3596 postea
283 3525 460 3594 interropotus
471 3524 600 3644 quaedam
611 3522 744 3574 ridebatur
754 3520 792 3573 ita
803 3522 913 3586 locutus,
926 3527 955 3571 ut
965 3518 1080 3587 refutari
1086 3537 1166 3588 posse

83 3591 378 3660 annuntiabamur,
396 3601 476 3661 postu
487 3592 548 3644 abat
563 3591 620 3658 ille,
641 3591 687 3660 qui
701 3591 755 3642 iam
770 3588 920 3640 sententiam
938 3589 1051 3656 dunat,
1072 3597 1100 3640 ut
1116 3588 1169 3642 sibi

83 3657 156 3714 liceret
166 3663 337 3731 interrepere,
349 3661 396 3715 boc
408 3669 454 3726 est,
467 3661 541 3714 illum
553 3660 717 3728 redarpuere‚
730 3657 803 3709 ouius
814 3655 940 3709 sententia
952 3658 979 3709 in
991 3657 1078 3709 multis
1090 3656 1169 3736 quast

83 3729 179 3807 baldau
194 3740 217 3784 et
233 3731 396 3810 calumniosa
411 3729 538 3810 redarpui
547 3735 643 3797 posset.
680 3724 806 3831 quoniam
822 3741 884 3793 erqo
901 3725 1003 3778 dicem
1022 3725 1125 3778 Clodius
1141 3729 1166 3773 et

83 3809 154 3850 remus
161 3799 310 3868 professum
322 3815 392 3852 aeris
404 3799 484 3876 altem
495 3797 621 3850 Milonem
633 3795 675 3833 ἢ

134 3888 161 3951 Ι.
197 3889 225 3952 l.
248 3887 294 3925 *⁴*
312 3886 496 3953 adversarii.

135 3973 227 4038 2-4.
251 3971 417 4038 eiciundus
434 3983 536 4038 estex
554 3970 634 4035 urbe
647 3968 726 4035 civis
743 3979 854 4034 auctor
871 3977 904 4032 et
920 3972 1025 4029 suetos
1043 3960 1166 4038 salutis,

82 4057 132 4134 oti,
158 4059 319 4144 dignitatis
341 4058 430 4136 fidei3
457 4056 668 4124 includendus
691 4055 775 4119 intra
795 4053 947 4139 parietes,
974 4045 1030 4131 qui
1052 4046 1166 4132 populi
