2714 4554
147 285 210 352 118
489 295 528 350 u.
547 251 683 352 aaran
701 291 899 350 cressonis

146 439 186 482 no
234 423 352 498 alvum,
371 442 473 496 crura,
491 440 618 483 umeros
635 416 729 482 simul
748 428 779 484 et
796 416 981 517 praecordia
998 418 1147 496 lustrans,
1218 448 1221 453 ·

233 518 265 572 et
282 507 394 572 dextra
411 504 517 570 radios
535 504 619 569 laeto
639 524 712 568 cum
729 503 850 567 lumine
867 502 999 568 iactans.

232 592 307 658 inde
325 590 611 678 Sagittipotens
630 610 761 673 superas
780 609 853 652 cum
871 589 973 655 visere
990 587 1078 654 luces

145 685 199 740 460
232 677 355 752 institit,
375 676 509 761 emergit
525 673 603 739 Nixi
622 684 728 758 caput,
747 684 779 738 et
796 673 890 737 simul
908 673 1001 740 effert

233 785 302 828 sese
320 762 406 826 clara
422 760 520 825 Fides
539 771 570 824 et
588 759 705 844 promit
721 769 850 844 pectore
870 757 1030 844 Cepheus.

147 866 185 907 ua
231 847 375 912 fervidus
392 847 445 910 ille
464 843 563 912 Canis
581 856 648 910 toto
666 866 740 910 cum
758 865 890 930 corpore
908 844 1004 921 oedit3

233 933 361 997 abditur
379 928 496 1010 Orion;
514 930 582 995 obit
600 941 631 995 et
648 930 761 1016 Lepus
779 929 906 994 abditus
924 930 1051 1006 umbra;

232 1017 383 1082 inferiora
401 1017 521 1081 cadunt
537 1016 682 1101 Aurigae
700 1015 821 1080 lumina
837 1015 869 1080 la
892 1038 940 1080 su.

146 1109 199 1164 465
233 1125 306 1168 crus
325 1102 537 1186 dextrumque
556 1101 671 1187 pedem
687 1101 835 1184 linquens
853 1039 919 1166 oiit
937 1099 1041 1166 infera
1058 1101 1200 1167 Perseus

231 1188 266 1252 in
282 1189 362 1264 loca,
380 1198 449 1252 tum
467 1188 582 1252 cedens
601 1210 620 1250 a
638 1186 738 1272 puppi
755 1186 908 1269 linquitur
924 1187 1027 1272 Argo.

147 1290 186 1332 rso
275 1273 356 1338 Inde
373 1273 484 1337 obiens
503 1270 718 1356 Capricornus
736 1271 777 1335 ab
796 1273 860 1336 alto
877 1271 997 1336 lumine
1013 1271 1104 1357 pellit

233 1358 392 1444 Aurigam
409 1359 642 1440 instantemque
661 1354 812 1442 Capram,
829 1379 945 1442 parvos
965 1357 1060 1422 simul
1077 1358 1222 1436 Haedos,

234 1454 265 1509 et
283 1466 432 1529 magnam
451 1443 582 1526 antiquo
601 1443 730 1527 depellit
747 1443 874 1507 nomine
892 1442 1027 1508 Navem.

146 1535 199 1590 470
234 1528 378 1594 obruitur
395 1527 558 1612 Procyon:
578 1537 746 1612 emergunt
764 1529 838 1592 alite
854 1529 947 1612 lapsu

232 1637 250 1679 e
269 1614 359 1678 terris
377 1613 547 1679 Volucres:
567 1613 691 1677 exsistit
708 1613 793 1676 clara
813 1611 948 1696 Sagitta.

146 1715 185 1757 ns
276 1697 344 1764 Sed
362 1719 434 1762 cum
453 1720 486 1762 se
506 1698 646 1764 medium
664 1698 743 1762 caeli
762 1698 795 1761 in
813 1697 943 1782 regione
960 1698 1078 1763 locavit

232 1804 368 1868 magnus
386 1783 585 1866 Aquarius
604 1793 635 1847 et
652 1782 780 1847 vestivit
796 1782 916 1848 lumine
933 1793 1043 1859 terras,

232 1881 301 1932 tum
319 1867 454 1953 pedibus
472 1868 566 1932 simul
585 1880 617 1932 et
635 1891 750 1952 supera
768 1868 891 1934 cervice
909 1868 1019 1933 iubata
1116 1904 1124 1910 ·

145 1958 197 2016 475
232 1953 315 2019 cedit
333 1952 446 2036 Equus
464 1951 605 2039 fugiens:
624 1963 657 2017 at
676 1964 786 2018 contra
803 1954 999 2039 signipotens
1017 1976 1082 2020 nox
1148 1959 1150 1964 ’

231 2039 334 2103 cauda
353 2035 550 2104 Centaurum
568 2038 707 2105 retinens
727 2039 819 2104 adse
837 2040 920 2125 rapit
937 2039 1017 2125 ipsa,

145 2141 185 2182 no
231 2146 291 2188 nec
309 2123 392 2209 potis
410 2135 459 2188 est
477 2135 574 2209 caput
591 2135 686 2206 atque
706 2147 832 2189 umeros
850 2126 1009 2190 obducere
1027 2125 1122 2202 latos;

231 2220 263 2273 at
280 2231 356 2274 vero
375 2209 529 2295 serpentis
548 2211 682 2295 Hydrae
700 2211 836 2296 caligine
854 2233 949 2275 caeca

232 2295 389 2361 cervicem
406 2306 502 2379 atquo
520 2297 687 2360 oculorum
705 2297 849 2361 ardentia
865 2296 986 2360 lumina
1003 2295 1113 2360 vestit:

144 2383 197 2440 480
232 2379 315 2445 hanc
333 2391 441 2445 autem
459 2391 559 2446 totam
576 2392 749 2466 properant
767 2381 924 2468 depellere
942 2381 1063 2446 Pisces.

230 2469 329 2552 surpit
345 2478 373 2531 et
389 2469 535 2551 Aegoceri
552 2471 667 2531 cianus
684 2468 724 2531 ab
743 2489 870 2553 aequore
887 2468 995 2543 Idaeis,

145 2567 184 2609 rsa
227 2564 320 2638 parte
338 2553 402 2616 alia
419 2565 592 2638 suspectans
609 2555 753 2616 instantis
771 2555 878 2617 sideris
896 2565 1009 2617 ortum:

230 2639 274 2700 sie
291 2637 407 2700 humeri
428 2638 636 2702 Andromedae
653 2650 682 2702 et
699 2661 764 2702 aum
784 2639 871 2701 lassis
888 2639 1004 2702 incluta
1015 2636 1132 2722 palmis

231 2745 321 2784 crura
339 2722 485 2805 bipartito
503 2725 659 2808 sipnorum
677 2734 807 2808 tempore
824 2734 967 2806 surgunt:

231 2829 298 2869 oum
310 2808 448 2890 primum
460 2808 568 2890 planis
585 2807 709 2871 Pisces
728 2809 862 2871 orientur
879 2807 918 2868 ab
936 2808 1037 2881 undis,

229 2891 443 2954 Andromedae
461 2893 582 2954 dextras
600 2893 723 2955 dubitur
740 2891 796 2954 tibi
813 2913 929 2955 eernere
941 2903 1063 2976 partem

231 2986 264 3038 ut
281 2974 380 3038 laeuas
398 2975 519 3050 Aries,
539 2975 676 3061 linquens
693 2976 817 3062 inferna
835 2975 976 3050 iecorum,

231 3062 359 3124 ostendit
377 3061 473 3122 terris.
517 3061 570 3124 illo
588 3062 642 3125 sud
662 3073 792 3146 tempore
802 3060 902 3146 ferme

229 3144 373 3230 Hesperii
390 3156 555 3209 seruantem
572 3147 671 3209 Aram
690 3147 821 3231 confinia
833 3149 934 3233 ponti,

229 3230 398 3314 Perseaque
415 3251 508 3314 usque
525 3229 663 3295 humeros
680 3231 754 3296 an
771 3234 805 3295 in
817 3245 909 3317 parte
926 3233 1049 3298 uidebis.

230 3315 285 3378 doc
303 3315 427 3378 dubium
445 3325 497 3389 est,
516 3337 671 3380 cessansne
689 3319 778 3381 Aries
791 3319 975 3403 praecordia
991 3319 1096 3383 Persei

231 3399 374 3473 attrahat,
394 3423 434 3462 an
458 3401 614 3464 Taurus:
637 3404 737 3466 Tauro
755 3404 848 3467 simul
864 3405 984 3468 aethera
1003 3405 1120 3468 lustrat.

229 3486 282 3548 sed
299 3506 360 3548 noa
379 3486 511 3550 desinere
528 3485 600 3550 llaec
623 3489 724 3552 Tauro
742 3491 891 3552 esuriente
903 3491 1058 3573 putarim:

230 3592 302 3632 nam
318 3570 418 3633 vicina
435 3571 498 3634 illis
515 3572 653 3657 Arangae
670 3575 771 3638 sideru
781 3574 915 3660 fulgent,

229 3677 316 3739 quem
335 3665 433 3719 tamen
451 3655 536 3720 haud
552 3669 646 3721 totum
665 3661 732 3722 dius
750 3662 783 3722 iu
802 3659 925 3722 luminis
943 3681 1013 3724 oras

233 3741 352 3804 Taurus
371 3742 444 3825 cpit,
467 3738 602 3806 Geminis
619 3745 673 3807 sed
689 3747 768 3808 enim
786 3766 850 3808 eom
874 3745 951 3808 latur
968 3748 1001 3809 iu
1018 3748 1103 3830 apsis.

228 3828 282 3890 sed
298 3825 430 3912 duplices
447 3825 552 3890 Haedi
569 3838 597 3891 et
614 3851 680 3892 aum
692 3829 807 3915 planta
852 3852 930 3914 apra
947 3832 1071 3895 sinistra

157 3915 159 3920 ’
229 3935 297 3976 cum
312 3911 398 3976 Boua
415 3933 446 3975 se
464 3912 589 3976 tollunt:
607 3924 676 3978 tunc
694 3926 778 3999 terga
794 3916 942 3978 immania
959 3916 1079 3980 Pistris

229 3999 317 4082 eripit
334 4007 362 4060 et
379 3997 454 4061 eseli
470 3996 673 4082 splendentem
689 4001 722 4062 in
734 3999 855 4085 fornice
872 4002 1010 4066 eandam.

228 4084 336 4146 occidit
352 4084 417 4168 ipse
434 4086 525 4148 etiam
540 4085 643 4168 prima
661 4087 723 4150 iam
736 4097 827 4172 parte
843 4085 966 4150 Bootes.
