2714 4554
124 206 187 274 134
460 219 498 274 M.
518 219 654 278 TULLII
671 217 869 275 CICERONIS

207 342 288 410 haec
305 343 385 411 adeo
403 343 530 430 penitus
549 365 626 408 cura
642 343 751 408 videre
768 342 878 428 sagaci

208 429 274 494 otia
290 429 347 513 qui
364 428 477 495 studiis
493 429 571 494 laeti
587 439 717 494 tenuere
736 427 869 504 decoris,

207 514 306 600 inque
323 514 502 582 Academia
518 513 694 580 umbrifera
709 513 873 596 nitidoque
891 512 1002 598 Lyceo

207 599 360 667 sciderunt
378 601 480 666 clarae
497 599 627 665 fecundi
644 598 781 684 pectoris
799 598 890 662 artis:

121 701 149 746 aa
208 707 227 752 e
245 685 362 770 quibus
379 695 534 771 ereptum,
552 686 655 771 primo
672 685 737 750 iam
755 707 775 750 a
791 685 868 749 flore
885 683 1044 760 iuventae,

207 781 240 837 te
257 770 360 856 patria
376 771 410 836 in
428 769 534 836 media
551 771 705 836 virtutum
721 770 805 835 mole
821 769 949 834 locavit.

207 865 245 921 tu
261 865 369 921 tamen
387 855 548 922 anxiferas
567 877 659 920 curas
677 854 819 938 requiete
836 854 992 929 relaxans,
1062 908 1066 914 .

206 940 294 1024 quod
311 941 434 1026 patriae
451 951 555 1018 vacat,
573 941 607 1006 id
624 941 737 1006 studiis
755 940 911 1023 nobisque
929 939 1070 1004 sacrasti.

82 1023 87 1046 ³
122 1029 240 1087 Cicero
252 1031 287 1086 de
300 1031 415 1087 divinat.
427 1033 451 1102 I,
464 1033 574 1087 17-22.
611 1029 792 1103 Capitolium,
808 1031 883 1101 quod
894 1034 937 1085 est
948 1029 1089 1085 Romanae
1100 1029 1178 1084 urbis
1190 1033 1221 1084 et

120 1098 264 1170 religionis
279 1105 365 1172 caput
380 1117 528 1170 summum,
544 1117 598 1156 non
615 1100 713 1170 semel,
731 1099 780 1154 sed
796 1099 906 1170 saepius
922 1098 1037 1152 fulmine
1052 1098 1138 1152 ictum
1153 1111 1219 1152 con-

121 1166 260 1239 flagravit.
286 1169 412 1224 homines
423 1174 517 1224 autem
527 1168 665 1251 ingeniosi
676 1167 744 1238 quid
756 1168 791 1222 de
802 1169 856 1222 hcc
865 1167 1087 1235 existimaverint,
1100 1183 1133 1221 ex
1142 1165 1220 1221 dicto

122 1233 264 1292 Ciceronis
276 1253 312 1308 ap
334 1241 406 1307 aret,
424 1238 472 1319 qui
483 1237 524 1292 ait
536 1237 666 1292 divinitus
679 1236 815 1291 exstitisse
825 1235 903 1290 illam
913 1234 1061 1304 flammam,
1077 1251 1132 1289 non
1144 1250 1220 1305 quac

122 1308 253 1362 temestre
263 1255 334 1360 illul
346 1305 515 1362 domicilium
526 1305 600 1360 Iovis
611 1306 725 1373 deleret,
738 1305 787 1358 sed
817 1320 871 1360 uae
883 1303 1026 1358 sublimius
1037 1301 1219 1385 magnificen-

121 1372 232 1444 tiusque
249 1374 419 1447 deposceret.
455 1389 511 1444 qua
532 1375 568 1430 dc
589 1390 620 1430 re
638 1373 721 1429 etiam
740 1373 770 1426 in
785 1321 864 1427 lilaris
880 1370 1044 1427 Consulatus
1060 1389 1103 1426 sur
1117 1371 1220 1426 eadem

122 1449 193 1504 dixit
209 1463 281 1520 quae
292 1450 439 1506 Lucretius
451 1452 500 1521 (Π,
512 1451 580 1506 1101
592 1453 657 1522 sq.):
680 1467 754 1508 narn
773 1454 863 1528 pater
880 1444 1048 1508 altitonans
1062 1478 1097 1490 --
1108 1443 1220 1508 iniecit

121 1528 252 1596 sedibus
269 1530 363 1617 ignis.
398 1536 599 1592 Lactantius
615 1534 705 1589 instit
722 1534 806 1589 divin.
823 1534 881 1605 III,
898 1535 939 1588 17.
960 1549 1063 1606 urgues
1083 1550 1128 1588 me
1148 1533 1220 1588 meis

121 1619 260 1676 versibus:
294 1639 370 1680 nam
414 1626 481 1682 ater
503 1616 671 1681 altitonans
693 1650 728 1663 ·-
748 1615 856 1680 iniecit
878 1614 1006 1680 sedibus
1028 1614 1121 1700 ignis.
1165 1617 1220 1672 Ci-

122 1711 199 1752 cero
211 1696 247 1750 dc
260 1697 373 1753 divinat.
385 1639 424 1768 il,
436 1699 479 1753 45.

186 1767 217 1832 2.
241 1771 338 1829 Cicero
351 1772 514 1830 Consulatus
526 1775 569 1828 sui
580 1774 628 1828 lib.
641 1773 683 1828 11:

208 1862 304 1936 atque
323 1854 429 1918 animo
446 1854 590 1940 pendens
607 1857 625 1936 †
642 1865 739 1919 noctu
757 1865 873 1920 eventa
890 1853 1033 1918 timebat.

123 1942 290 2015 Noniusp.
303 1945 363 2000 204.
548 1998 549 2002 ,

225 2023 355 2068 nocturna
366 2024 456 2070 everte
469 2013 596 2070 Orellius.

187 2083 218 2148 3.
240 2089 386 2145 mirificum
402 2091 551 2147 embolium
568 2090 661 2163 cogito
676 2091 707 2144 in
722 2090 874 2145 secundum
888 2106 1011 2144 meorum
1029 2087 1161 2144 librorum
1177 2088 1220 2144 in-

123 2165 244 2234 cludere,
257 2165 395 2223 dicentem
406 2167 565 2240 Apollinem
575 2167 606 2222 in
618 2167 733 2222 concilio
747 2167 869 2236 deorum,
882 2166 972 2236 qualis
983 2164 1089 2222 reditus
1103 2167 1221 2222 duorum

121 2233 319 2304 imperatorum
333 2235 442 2291 futurus
459 2241 540 2306 esset,
557 2252 673 2306 quorum
689 2236 760 2290 alter
771 2235 815 2304 (L.
827 2235 906 2370 Pistg
916 2236 1065 2292 exercitum
1079 2235 1220 2358 perdidis-

123 2306 175 2374 set,
188 2303 259 2357 alter
271 2304 315 2372 (A.
329 2302 477 2376 (labimus)
487 2305 665 2360 vendidisset.
702 2302 869 2359 Ciceroad
908 2304 961 2360 .fr.
974 2305 1028 2372 ΠΙ,
1041 2305 1067 2372 1,
1117 2345 1122 2356 .

186 2374 218 2439 4.
240 2379 408 2452 placiturum
422 2381 476 2438 tibi
492 2399 551 2437 esse
568 2382 669 2436 librum
684 2397 778 2436 meum
794 2381 969 2452 suspicabar3
985 2386 1044 2436 tam
1059 2381 1141 2435 valde
1157 2381 1221 2452 pla-

123 2457 221 2527 coisse,
234 2471 318 2528 quam
330 2458 435 2528 scribis,
447 2460 528 2541 valde
540 2460 666 2541 gaudeo..
680 2459 755 2528 quod
764 2475 808 2512 me
817 2459 948 2539 admones
960 2459 995 2513 de
1007 2463 1101 2540 nostra
1111 2458 1222 2540 Urania

123 2525 278 2597 suadesque
289 2532 321 2582 ut
331 2526 502 2582 meminerim
513 2529 586 2583 Iovis
598 2533 758 2596 orationem,
771 2541 843 2596 quae
856 2531 898 2580 est
908 2543 938 2581 1n
948 2531 1068 2582 extremo
1079 2525 1128 2581 1110
1136 2526 1221 2596 libro,

123 2609 177 2716 epo
187 2611 253 2650 vero
264 2595 376 2650 memini
389 2600 418 2651 et
427 2597 477 2652 illa
486 2597 577 2652 omnia
588 2597 656 2652 mihi
665 2596 754 2668 magis
764 2595 862 2666 scripsi
874 2611 958 2664 quam
967 2595 1073 2650 ceteris.
1099 2593 1222 2650 Cicero

122 2679 140 2716 a
172 2661 435 2733 Q.fr.11,7[9],1.

225 2743 256 2794 de
268 2749 360 2794 costra
376 2743 480 2795 Urania
491 2739 661 2812 Malaspina:
673 2743 704 2795 de
714 2757 767 2794 aon
780 2742 902 2794 curantia
913 2739 952 2794 M.

562 2919 603 2960 ux
619 2919 709 2961 amno
726 2919 770 2960 111.

185 2995 235 3048 sed
246 3011 291 3048 me
303 2997 322 3064 †
334 3013 492 3066 aasaxpeoa
504 3010 566 3050 mea
577 2995 626 3049 illa
638 2999 797 3064 commovet,
810 3009 882 3064 quae
895 2999 937 3050 est
947 2995 976 3050 in
988 2994 1058 3048 libro
1069 2994 1164 3049 tertio:

206 3074 328 3156 interea
345 3095 466 3150 cursus,
485 3094 566 3156 quos
584 3074 688 3159 prima
705 3097 725 3140 a
742 3086 831 3160 parte
849 3075 1009 3151 iuventae,

208 3181 351 3243 quosque
370 3159 450 3224 adeo
469 3161 579 3224 consul
597 3159 712 3224 virtute
730 3159 899 3242 animoque
917 3159 1033 3244 petisti,

207 3245 266 3309 hos
283 3245 383 3311 retine
401 3255 496 3327 atque
515 3266 598 3330 auge
615 3244 735 3308 famam
752 3245 928 3329 laudesque
947 3245 1111 3310 bonorum.

121 3339 193 3393 haec
207 3336 276 3390 mihi
292 3353 354 3392 cum
369 3336 398 3390 in
416 3352 448 3390 eo
464 3334 549 3404 libro,
565 3336 595 3390 in
611 3352 665 3405 quo
681 3336 768 3390 multa
784 3341 848 3390 sunt
859 3336 963 3407 scripta
975 3335 1217 3408 ἀριστοκρατικῶς,

123 3405 247 3476 Calliope
262 3405 325 3475 ipra
335 3403 557 3476 praescripserit,
572 3421 629 3460 non
640 3405 738 3491 opipor
749 3421 809 3460 esse
823 3405 1014 3472 dubitandum,
1027 3403 1095 3474 quin
1107 3420 1219 3474 semper

122 3473 349 3597 nibisttfilleaffl
367 3473 405 3530 sle
428 3472 526 3530 clatris
547 3472 656 3544 ἄριστος
676 3475 838 3541 salvandas
860 3480 924 3547 περὶ
946 3473 1056 3542 πάτρης.
1098 3470 1219 3528 Cicero

123 3561 140 3598 a
225 3582 230 3595 .
275 3581 281 3610 ,
313 3581 320 3610 ,
352 3581 357 3594 .

438 3694 623 3747 nuscanum
639 3701 790 3747 monartio
808 3700 904 3745 canu.

189 3787 219 3850 1.
242 3805 339 3845 census
351 3790 461 3861 generis
473 3789 626 3844 masculini.
650 3791 741 3845 neutri
754 3785 850 3845 Cicero
860 3789 891 3844 in
904 3786 1053 3844 Consulatu
1065 3803 1126 3842 suo:

208 3891 344 3955 quorum
361 3870 502 3934 luxuries
520 3873 536 3951 †
554 3869 682 3934 fortuna
700 3889 794 3936 censa
812 3869 942 3956 peperit.

125 3963 251 4022 Nonius
262 3980 290 4033 p.
302 3961 363 4030 202,
372 3961 415 4015 22.

225 4031 349 4100 fortunae
361 4048 438 4084 caasa
449 4031 548 4100 peredit
560 4028 680 4101 Lipsius.
