<?xml version="1.0" encoding="UTF-8"?>
<!DOCTYPE html PUBLIC "-//W3C//DTD XHTML 1.0 Transitional//EN"
    "http://www.w3.org/TR/xhtml1/DTD/xhtml1-transitional.dtd">
<html xmlns="http://www.w3.org/1999/xhtml" xml:lang="en" lang="en">
 <head>
  <title>
</title>
<meta http-equiv="Content-Type" content="text/html;charset=utf-8" />
  <meta name='ocr-system' content='tesseract 3.04.00' />
  <meta name='ocr-capabilities' content='ocr_page ocr_carea ocr_par ocr_line ocrx_word'/>
</head>
<body>
  <div class='ocr_page' id='page_1' title='image "./mtulliiciceroni95cicegoog/mtulliiciceroni95cicegoog_0155.png"; bbox 0 0 2714 4554; ppageno 0'>
   <div class='ocr_carea' id='block_1_1' title="bbox 484 243 1156 312">
    <p class='ocr_par' dir='ltr' id='par_1_1' title="bbox 484 243 1156 312">
     <span class='ocr_line' id='line_1_1' title="bbox 484 243 1156 312; baseline -0.001 -4"><span class='ocrx_word' id='word_1_1' title='bbox 484 253 733 312; x_wconf 60' lang='lat' dir='ltr'><strong>FRAGMENTA</strong></span> <span class='ocrx_word' id='word_1_2' title='bbox 1095 243 1156 308; x_wconf 85' lang='lat'>139</span> 
     </span>
    </p>
   </div>
   <div class='ocr_carea' id='block_1_2' title="bbox 26 372 1155 513">
    <p class='ocr_par' dir='ltr' id='par_1_2' title="bbox 26 372 1155 513">
     <span class='ocr_line' id='line_1_2' title="bbox 26 372 1155 453; baseline 0.002 -24"><span class='ocrx_word' id='word_1_3' title='bbox 26 417 27 440; x_wconf 78' lang='lat'>,</span> <span class='ocrx_word' id='word_1_4' title='bbox 89 373 210 429; x_wconf 79' lang='lat' dir='ltr'>Rhodium</span> <span class='ocrx_word' id='word_1_5' title='bbox 225 375 427 453; x_wconf 84' lang='lat' dir='ltr'>nostrorumque</span> <span class='ocrx_word' id='word_1_6' title='bbox 439 372 618 429; x_wconf 75' lang='lat' dir='ltr'>Hortensium</span> <span class='ocrx_word' id='word_1_7' title='bbox 632 375 748 430; x_wconf 73' lang='lat' dir='ltr'>tradidit</span> <span class='ocrx_word' id='word_1_8' title='bbox 760 391 832 444; x_wconf 88' lang='lat' dir='ltr'>quac</span> <span class='ocrx_word' id='word_1_9' title='bbox 844 377 1032 449; x_wconf 73' lang='lat' dir='ltr'>cogitaverant</span> <span class='ocrx_word' id='word_1_10' title='bbox 1044 377 1080 431; x_wconf 90' lang='lat' dir='ltr'>ad</span> <span class='ocrx_word' id='word_1_11' title='bbox 1095 392 1155 431; x_wconf 86' lang='lat' dir='ltr'>vcr-</span> 
     </span>
     <span class='ocr_line' id='line_1_3' title="bbox 90 440 831 513; baseline 0.001 -16"><span class='ocrx_word' id='word_1_12' title='bbox 90 441 179 498; x_wconf 89' lang='lat' dir='ltr'>bumin</span> <span class='ocrx_word' id='word_1_13' title='bbox 189 441 295 513; x_wconf 85' lang='lat' dir='ltr'>agendo</span> <span class='ocrx_word' id='word_1_14' title='bbox 305 441 437 495; x_wconf 89' lang='lat' dir='ltr'>retuhssc.</span> <span class='ocrx_word' id='word_1_15' title='bbox 473 440 706 506; x_wconf 78' lang='lat' dir='ltr'>Quintilianus</span> <span class='ocrx_word' id='word_1_16' title='bbox 717 444 755 513; x_wconf 91' lang='lat' dir='ltr'>X,</span> <span class='ocrx_word' id='word_1_17' title='bbox 768 445 794 513; x_wconf 86' lang='grc'>6,</span> <span class='ocrx_word' id='word_1_18' title='bbox 805 444 831 498; x_wconf 88' lang='grc'>4.</span> 
     </span>
    </p>
   </div>
   <div class='ocr_carea' id='block_1_3' title="bbox 89 513 1160 820">
    <p class='ocr_par' dir='ltr' id='par_1_3' title="bbox 89 513 1157 734">
     <span class='ocr_line' id='line_1_4' title="bbox 140 513 1156 589; baseline 0.005 -18"><span class='ocrx_word' id='word_1_19' title='bbox 140 513 168 577; x_wconf 86' lang='grc'><strong>3.</strong></span> <span class='ocrx_word' id='word_1_20' title='bbox 187 518 210 572; x_wconf 90' lang='lat' dir='ltr'>si</span> <span class='ocrx_word' id='word_1_21' title='bbox 221 517 295 572; x_wconf 86' lang='lat' dir='ltr'>calor</span> <span class='ocrx_word' id='word_1_22' title='bbox 305 533 338 572; x_wconf 89' lang='lat' dir='ltr'>ac</span> <span class='ocrx_word' id='word_1_23' title='bbox 348 517 461 589; x_wconf 85' lang='lat' dir='ltr'>spiritus</span> <span class='ocrx_word' id='word_1_24' title='bbox 471 519 544 588; x_wconf 90' lang='lat' dir='ltr'>tulit,</span> <span class='ocrx_word' id='word_1_25' title='bbox 556 518 716 589; x_wconf 77' lang='lat' dir='ltr'>frequenter</span> <span class='ocrx_word' id='word_1_26' title='bbox 727 520 829 576; x_wconf 87' lang='lat' dir='ltr'>accidit</span> <span class='ocrx_word' id='word_1_27' title='bbox 840 526 872 576; x_wconf 91' lang='lat' dir='ltr'>ut</span> <span class='ocrx_word' id='word_1_28' title='bbox 887 537 1042 576; x_wconf 87' lang='lat' dir='ltr'>successum</span> <span class='ocrx_word' id='word_1_29' title='bbox 1055 525 1156 576; x_wconf 76' lang='lat' dir='ltr'>extem</span> 
     </span>
     <span class='ocr_line' id='line_1_5' title="bbox 89 593 1157 676; baseline 0 -27"><span class='ocrx_word' id='word_1_30' title='bbox 89 595 193 676; x_wconf 78' lang='lat' dir='ltr'>porslem</span> <span class='ocrx_word' id='word_1_31' title='bbox 207 593 336 664; x_wconf 84' lang='lat' dir='ltr'>consequi</span> <span class='ocrx_word' id='word_1_32' title='bbox 350 610 418 649; x_wconf 86' lang='lat' dir='ltr'>cura</span> <span class='ocrx_word' id='word_1_33' title='bbox 432 611 487 649; x_wconf 90' lang='lat' dir='ltr'>non</span> <span class='ocrx_word' id='word_1_34' title='bbox 500 595 611 676; x_wconf 40' lang='lat' dir='ltr'>possit..</span> <span class='ocrx_word' id='word_1_35' title='bbox 631 597 717 676; x_wconf 74' lang='lat' dir='ltr'>deum</span> <span class='ocrx_word' id='word_1_36' title='bbox 737 602 803 653; x_wconf 89' lang='lat' dir='ltr'>tunc</span> <span class='ocrx_word' id='word_1_37' title='bbox 819 597 940 653; x_wconf 81' lang='lat' dir='ltr'>adfuisse</span> <span class='ocrx_word' id='word_1_38' title='bbox 976 614 1038 652; x_wconf 89' lang='lat' dir='ltr'>cum</span> <span class='ocrx_word' id='word_1_39' title='bbox 1054 597 1085 650; x_wconf 93' lang='lat' dir='ltr'>id</span> <span class='ocrx_word' id='word_1_40' title='bbox 1096 611 1157 650; x_wconf 83' lang='lat' dir='ltr'>eve-</span> 
     </span>
     <span class='ocr_line' id='line_1_6' title="bbox 90 638 1064 734; baseline 0.003 -19"><span class='ocrx_word' id='word_1_41' title='bbox 90 667 165 734; x_wconf 79' lang='lat' dir='ltr'>nisset,</span> <span class='ocrx_word' id='word_1_42' title='bbox 176 667 280 716; x_wconf 80' lang='lat' dir='ltr'>veteres</span> <span class='ocrx_word' id='word_1_43' title='bbox 292 666 420 732; x_wconf 89' lang='lat' dir='ltr'>oratores,</span> <span class='ocrx_word' id='word_1_44' title='bbox 431 668 464 717; x_wconf 90' lang='lat' dir='ltr'>ut</span> <span class='ocrx_word' id='word_1_45' title='bbox 475 661 572 718; x_wconf 78' lang='lat' dir='ltr'>Cicero</span> <span class='ocrx_word' id='word_1_46' title='bbox 584 664 661 734; x_wconf 77' lang='lat' dir='ltr'>droit,</span> <span class='ocrx_word' id='word_1_47' title='bbox 674 664 794 720; x_wconf 85' lang='lat' dir='ltr'>aiebant.</span> <span class='ocrx_word' id='word_1_48' title='bbox 830 666 923 722; x_wconf 87' lang='lat' dir='ltr'>Idem</span> <span class='ocrx_word' id='word_1_49' title='bbox 933 638 971 734; x_wconf 66' lang='lat' dir='ltr'>ll,</span> <span class='ocrx_word' id='word_1_50' title='bbox 985 667 1009 734; x_wconf 97' lang='grc'>7,</span> <span class='ocrx_word' id='word_1_51' title='bbox 1022 664 1064 718; x_wconf 88' lang='grc'>13.</span> 
     </span>
    </p>

    <p class='ocr_par' dir='ltr' id='par_1_4' title="bbox 139 743 1160 820">
     <span class='ocr_line' id='line_1_7' title="bbox 139 743 1160 820; baseline -0.005 -14"><span class='ocrx_word' id='word_1_52' title='bbox 139 743 167 806; x_wconf 86' lang='grc'><strong>4.</strong></span> <span class='ocrx_word' id='word_1_53' title='bbox 187 747 350 803; x_wconf 86' lang='lat' dir='ltr'>studendum</span> <span class='ocrx_word' id='word_1_54' title='bbox 368 766 433 803; x_wconf 84' lang='lat' dir='ltr'>vero</span> <span class='ocrx_word' id='word_1_55' title='bbox 454 765 564 820; x_wconf 77' lang='lat' dir='ltr'>semper</span> <span class='ocrx_word' id='word_1_56' title='bbox 579 754 609 802; x_wconf 89' lang='lat' dir='ltr'>et</span> <span class='ocrx_word' id='word_1_57' title='bbox 627 749 744 820; x_wconf 84' lang='lat' dir='ltr'>ubiquc;</span> <span class='ocrx_word' id='word_1_58' title='bbox 767 765 857 820; x_wconf 88' lang='lat' dir='ltr'>neque</span> <span class='ocrx_word' id='word_1_59' title='bbox 878 751 951 807; x_wconf 89' lang='lat' dir='ltr'>enim</span> <span class='ocrx_word' id='word_1_60' title='bbox 966 749 1026 804; x_wconf 88' lang='lat' dir='ltr'>fere</span> <span class='ocrx_word' id='word_1_61' title='bbox 1041 753 1100 802; x_wconf 89' lang='lat' dir='ltr'>tam</span> <span class='ocrx_word' id='word_1_62' title='bbox 1116 752 1160 802; x_wconf 90' lang='lat' dir='ltr'>est</span> 
     </span>
    </p>
   </div>
   <div class='ocr_carea' id='block_1_4' title="bbox 87 824 1159 1306">
    <p class='ocr_par' dir='ltr' id='par_1_5' title="bbox 87 824 1159 1306">
     <span class='ocr_line' id='line_1_8' title="bbox 89 824 1158 895; baseline -0.002 -16"><span class='ocrx_word' id='word_1_63' title='bbox 89 825 146 879; x_wconf 87' lang='lat' dir='ltr'>ullus</span> <span class='ocrx_word' id='word_1_64' title='bbox 156 824 211 880; x_wconf 88' lang='lat' dir='ltr'>dics</span> <span class='ocrx_word' id='word_1_65' title='bbox 221 830 385 895; x_wconf 89' lang='lat' dir='ltr'>occupatus,</span> <span class='ocrx_word' id='word_1_66' title='bbox 402 829 435 878; x_wconf 89' lang='lat' dir='ltr'>ut</span> <span class='ocrx_word' id='word_1_67' title='bbox 445 825 515 878; x_wconf 90' lang='lat' dir='ltr'>nihil</span> <span class='ocrx_word' id='word_1_68' title='bbox 530 825 695 895; x_wconf 72' lang='lat' dir='ltr'>lucratis-ae,</span> <span class='ocrx_word' id='word_1_69' title='bbox 711 831 743 893; x_wconf 84' lang='lat' dir='ltr'>ut</span> <span class='ocrx_word' id='word_1_70' title='bbox 755 825 850 882; x_wconf 82' lang='lat' dir='ltr'>Cicero</span> <span class='ocrx_word' id='word_1_71' title='bbox 862 827 978 882; x_wconf 88' lang='lat' dir='ltr'>Brutum</span> <span class='ocrx_word' id='word_1_72' title='bbox 994 826 1087 880; x_wconf 85' lang='lat' dir='ltr'>lacere</span> <span class='ocrx_word' id='word_1_73' title='bbox 1102 827 1158 877; x_wconf 83' lang='lat' dir='ltr'>tra·</span> 
     </span>
     <span class='ocr_line' id='line_1_9' title="bbox 89 892 1158 967; baseline -0.001 -21"><span class='ocrx_word' id='word_1_74' title='bbox 89 894 131 962; x_wconf 76' lang='lat' dir='ltr'>dis,</span> <span class='ocrx_word' id='word_1_75' title='bbox 145 909 239 964; x_wconf 89' lang='lat' dir='ltr'>operae</span> <span class='ocrx_word' id='word_1_76' title='bbox 252 892 289 948; x_wconf 89' lang='lat' dir='ltr'>ad</span> <span class='ocrx_word' id='word_1_77' title='bbox 300 893 475 948; x_wconf 84' lang='lat' dir='ltr'>scribendum</span> <span class='ocrx_word' id='word_1_78' title='bbox 488 898 537 947; x_wconf 90' lang='lat' dir='ltr'>aut</span> <span class='ocrx_word' id='word_1_79' title='bbox 546 893 696 964; x_wconf 86' lang='lat' dir='ltr'>legendum</span> <span class='ocrx_word' id='word_1_80' title='bbox 707 899 757 948; x_wconf 82' lang='lat' dir='ltr'>eut</span> <span class='ocrx_word' id='word_1_81' title='bbox 767 895 914 949; x_wconf 86' lang='lat' dir='ltr'>dicendum</span> <span class='ocrx_word' id='word_1_82' title='bbox 924 896 986 967; x_wconf 92' lang='lat' dir='ltr'>rapi</span> <span class='ocrx_word' id='word_1_83' title='bbox 998 893 1090 963; x_wconf 85' lang='lat' dir='ltr'>aliquo</span> <span class='ocrx_word' id='word_1_84' title='bbox 1101 907 1158 945; x_wconf 92' lang='lat' dir='ltr'>mo·</span> 
     </span>
     <span class='ocr_line' id='line_1_10' title="bbox 89 959 1158 1043; baseline -0.001 -29"><span class='ocrx_word' id='word_1_85' title='bbox 89 966 162 1014; x_wconf 88' lang='lat' dir='ltr'>mento</span> <span class='ocrx_word' id='word_1_86' title='bbox 171 961 300 1032; x_wconf 89' lang='lat' dir='ltr'>temporis</span> <span class='ocrx_word' id='word_1_87' title='bbox 311 959 406 1032; x_wconf 89' lang='lat' dir='ltr'>possit.</span> <span class='ocrx_word' id='word_1_88' title='bbox 419 959 465 1029; x_wconf 87' lang='lat' dir='ltr'>(cf.</span> <span class='ocrx_word' id='word_1_89' title='bbox 480 959 536 1015; x_wconf 80' lang='lat' dir='ltr'>Cic.</span> <span class='ocrx_word' id='word_1_90' title='bbox 551 961 627 1016; x_wconf 87' lang='lat' dir='ltr'>Orat.</span> <span class='ocrx_word' id='word_1_91' title='bbox 641 963 664 1033; x_wconf 60' lang='grc' dir='ltr'><strong>ᾖ.</strong></span> <span class='ocrx_word' id='word_1_92' title='bbox 678 963 731 1030; x_wconf 82' lang='grc'><strong>34.)</strong></span> <span class='ocrx_word' id='word_1_93' title='bbox 767 963 790 1016; x_wconf 88' lang='lat' dir='ltr'>si</span> <span class='ocrx_word' id='word_1_94' title='bbox 802 963 914 1043; x_wconf 81' lang='lat' dir='ltr'>quidem</span> <span class='ocrx_word' id='word_1_95' title='bbox 926 961 956 1016; x_wconf 79' lang='lat' dir='ltr'>O.</span> <span class='ocrx_word' id='word_1_96' title='bbox 971 961 1061 1018; x_wconf 82' lang='lat' dir='ltr'>Carbo</span> <span class='ocrx_word' id='word_1_97' title='bbox 1074 959 1158 1014; x_wconf 89' lang='lat' dir='ltr'>etiam</span> 
     </span>
     <span class='ocr_line' id='line_1_11' title="bbox 88 1027 1159 1098; baseline -0.001 -17"><span class='ocrx_word' id='word_1_98' title='bbox 88 1027 292 1084; x_wconf 85' lang='lat' dir='ltr'>intabernaculo</span> <span class='ocrx_word' id='word_1_99' title='bbox 313 1028 421 1084; x_wconf 85' lang='lat' dir='ltr'>solebat</span> <span class='ocrx_word' id='word_1_100' title='bbox 439 1029 494 1083; x_wconf 87' lang='lat' dir='ltr'>hac</span> <span class='ocrx_word' id='word_1_101' title='bbox 513 1029 556 1082; x_wconf 90' lang='lat' dir='ltr'>uti</span> <span class='ocrx_word' id='word_1_102' title='bbox 576 1030 769 1085; x_wconf 80' lang='lat' dir='ltr'>exercitatione</span> <span class='ocrx_word' id='word_1_103' title='bbox 791 1031 909 1085; x_wconf 81' lang='lat' dir='ltr'>dicendi.</span> <span class='ocrx_word' id='word_1_104' title='bbox 949 1046 984 1084; x_wconf 91' lang='lat' dir='ltr'>nc</span> <span class='ocrx_word' id='word_1_105' title='bbox 999 1029 1030 1083; x_wconf 91' lang='lat' dir='ltr'>id</span> <span class='ocrx_word' id='word_1_106' title='bbox 1046 1027 1159 1098; x_wconf 90' lang='lat' dir='ltr'>quidem</span> 
     </span>
     <span class='ocr_line' id='line_1_12' title="bbox 88 1095 1158 1167; baseline -0.002 -17"><span class='ocrx_word' id='word_1_107' title='bbox 88 1098 222 1166; x_wconf 74' lang='lat' dir='ltr'>nendum,</span> <span class='ocrx_word' id='word_1_108' title='bbox 239 1097 313 1167; x_wconf 90' lang='lat' dir='ltr'>quod</span> <span class='ocrx_word' id='word_1_109' title='bbox 331 1096 422 1152; x_wconf 88' lang='lat' dir='ltr'>eidem</span> <span class='ocrx_word' id='word_1_110' title='bbox 434 1095 559 1152; x_wconf 67' lang='lat' dir='ltr'>Ciceroni</span> <span class='ocrx_word' id='word_1_111' title='bbox 590 1097 675 1167; x_wconf 84' lang='lat' dir='ltr'>lacet,</span> <span class='ocrx_word' id='word_1_112' title='bbox 692 1099 750 1152; x_wconf 93' lang='lat' dir='ltr'>null</span> <span class='ocrx_word' id='word_1_113' title='bbox 808 1104 930 1152; x_wconf 89' lang='lat' dir='ltr'>nostrum</span> <span class='ocrx_word' id='word_1_114' title='bbox 940 1112 1058 1166; x_wconf 88' lang='lat' dir='ltr'>usquam</span> <span class='ocrx_word' id='word_1_115' title='bbox 1069 1095 1158 1166; x_wconf 80' lang='lat' dir='ltr'>negli-</span> 
     </span>
     <span class='ocr_line' id='line_1_13' title="bbox 87 1115 1159 1284; baseline 0 -68"><span class='ocrx_word' id='word_1_116' title='bbox 87 1169 179 1284; x_wconf 59' lang='lat' dir='ltr'>fientem</span> <span class='ocrx_word' id='word_1_117' title='bbox 189 1180 248 1219; x_wconf 89' lang='lat' dir='ltr'>esse</span> <span class='ocrx_word' id='word_1_118' title='bbox 260 1181 426 1239; x_wconf 80' lang='lat' dir='ltr'>sermonem:</span> <span class='ocrx_word' id='word_1_119' title='bbox 444 1115 617 1235; x_wconf 55' lang='lat' dir='ltr'>quisquisplo</span> <span class='ocrx_word' id='word_1_120' title='bbox 636 1183 733 1220; x_wconf 88' lang='lat' dir='ltr'>uemur</span> <span class='ocrx_word' id='word_1_121' title='bbox 743 1183 763 1220; x_wconf 94' lang='grc' dir='ltr'>ιι</span> <span class='ocrx_word' id='word_1_122' title='bbox 782 1167 922 1238; x_wconf 92' lang='lat' dir='ltr'>icumque,</span> <span class='ocrx_word' id='word_1_123' title='bbox 935 1166 972 1220; x_wconf 88' lang='lat' dir='ltr'>sit</span> <span class='ocrx_word' id='word_1_124' title='bbox 982 1181 1032 1236; x_wconf 91' lang='lat' dir='ltr'>pro</span> <span class='ocrx_word' id='word_1_125' title='bbox 1045 1179 1095 1218; x_wconf 87' lang='lat' dir='ltr'>sua</span> <span class='ocrx_word' id='word_1_126' title='bbox 1106 1163 1159 1216; x_wconf 90' lang='lat' dir='ltr'>sci·</span> 
     </span>
     <span class='ocr_line' id='line_1_14' title="bbox 103 1231 753 1306; baseline 0.003 -21"><span class='ocrx_word' id='word_1_127' title='bbox 103 1233 266 1306; x_wconf 87' lang='lat' dir='ltr'>cetportione</span> <span class='ocrx_word' id='word_1_128' title='bbox 277 1231 440 1304; x_wconf 86' lang='lat' dir='ltr'>perfectum.</span> <span class='ocrx_word' id='word_1_129' title='bbox 476 1233 568 1289; x_wconf 90' lang='lat' dir='ltr'>Idem</span> <span class='ocrx_word' id='word_1_130' title='bbox 579 1233 616 1302; x_wconf 88' lang='lat' dir='ltr'>X,</span> <span class='ocrx_word' id='word_1_131' title='bbox 647 1235 700 1303; x_wconf 98' lang='grc'>,27</span> <span class='ocrx_word' id='word_1_132' title='bbox 712 1248 753 1302; x_wconf 89' lang='lat' dir='ltr'>sq.</span> 
     </span>
    </p>
   </div>
   <div class='ocr_carea' id='block_1_5' title="bbox 136 1305 1159 1381">
    <p class='ocr_par' dir='ltr' id='par_1_6' title="bbox 136 1305 1159 1381">
     <span class='ocr_line' id='line_1_15' title="bbox 136 1305 1159 1381; baseline -0.009 -13"><span class='ocrx_word' id='word_1_133' title='bbox 136 1305 163 1368; x_wconf 78' lang='grc'><strong>5.</strong></span> <span class='ocrx_word' id='word_1_134' title='bbox 182 1310 212 1363; x_wconf 91' lang='lat' dir='ltr'>id</span> <span class='ocrx_word' id='word_1_135' title='bbox 227 1325 338 1381; x_wconf 88' lang='lat' dir='ltr'>quoque</span> <span class='ocrx_word' id='word_1_136' title='bbox 349 1311 498 1381; x_wconf 90' lang='lat' dir='ltr'>plurimum</span> <span class='ocrx_word' id='word_1_137' title='bbox 512 1309 611 1379; x_wconf 87' lang='lat' dir='ltr'>refert,</span> <span class='ocrx_word' id='word_1_138' title='bbox 629 1312 764 1381; x_wconf 91' lang='lat' dir='ltr'>quomodo</span> <span class='ocrx_word' id='word_1_139' title='bbox 777 1309 873 1366; x_wconf 88' lang='lat' dir='ltr'>audire</span> <span class='ocrx_word' id='word_1_140' title='bbox 884 1310 968 1364; x_wconf 83' lang='lat' dir='ltr'>iudex</span> <span class='ocrx_word' id='word_1_141' title='bbox 978 1309 1058 1376; x_wconf 85' lang='lat' dir='ltr'>velIt,</span> <span class='ocrx_word' id='word_1_142' title='bbox 1075 1311 1159 1375; x_wconf 87' lang='lat' dir='ltr'>atque</span> 
     </span>
    </p>
   </div>
   <div class='ocr_carea' id='block_1_6' title="bbox 87 1383 1160 1510">
    <p class='ocr_par' dir='ltr' id='par_1_7' title="bbox 87 1383 1160 1510">
     <span class='ocr_line' id='line_1_16' title="bbox 87 1383 1160 1510; baseline -0.001 -73"><span class='ocrx_word' id='word_1_143' title='bbox 87 1384 133 1438; x_wconf 82' lang='lat' dir='ltr'>dns</span> <span class='ocrx_word' id='word_1_144' title='bbox 142 1387 226 1440; x_wconf 73' lang='lat' dir='ltr'>autu</span> <span class='ocrx_word' id='word_1_145' title='bbox 242 1402 329 1510; x_wconf 60' lang='lat' dir='ltr'>saedsfe</span> <span class='ocrx_word' id='word_1_146' title='bbox 335 1387 406 1510; x_wconf 60' lang='lat' dir='ltr'>(ipse</span> <span class='ocrx_word' id='word_1_147' title='bbox 417 1391 508 1441; x_wconf 89' lang='lat' dir='ltr'>rector</span> <span class='ocrx_word' id='word_1_148' title='bbox 523 1391 566 1442; x_wconf 88' lang='lat' dir='ltr'>cst</span> <span class='ocrx_word' id='word_1_149' title='bbox 581 1387 712 1456; x_wconf 87' lang='lat' dir='ltr'>dicentis,</span> <span class='ocrx_word' id='word_1_150' title='bbox 729 1391 762 1441; x_wconf 89' lang='lat' dir='ltr'>ut</span> <span class='ocrx_word' id='word_1_151' title='bbox 774 1384 870 1442; x_wconf 82' lang='lat' dir='ltr'>Cicero</span> <span class='ocrx_word' id='word_1_152' title='bbox 887 1385 1032 1457; x_wconf 86' lang='lat' dir='ltr'>praecipit.</span> <span class='ocrx_word' id='word_1_153' title='bbox 1067 1383 1160 1438; x_wconf 91' lang='lat' dir='ltr'>Idem</span> 
     </span>
    </p>
   </div>
   <div class='ocr_carea' id='block_1_7' title="bbox 86 1451 1159 1594">
    <p class='ocr_par' dir='ltr' id='par_1_8' title="bbox 86 1451 1159 1594">
     <span class='ocr_line' id='line_1_17' title="bbox 86 1451 1159 1534; baseline -0.006 -25"><span class='ocrx_word' id='word_1_154' title='bbox 86 1453 240 1534; x_wconf 86' lang='lat' dir='ltr'>Xll,10,56.</span> <span class='ocrx_word' id='word_1_155' title='bbox 358 1472 392 1510; x_wconf 85' lang='lat' dir='ltr'>rc.</span> <span class='ocrx_word' id='word_1_156' title='bbox 409 1471 460 1525; x_wconf 91' lang='lat' dir='ltr'>pro</span> <span class='ocrx_word' id='word_1_157' title='bbox 477 1452 603 1510; x_wconf 82' lang='lat' dir='ltr'>Cluentio</span> <span class='ocrx_word' id='word_1_158' title='bbox 619 1455 643 1526; x_wconf 65' lang='grc' dir='ltr'><strong>ξ.</strong></span> <span class='ocrx_word' id='word_1_159' title='bbox 656 1455 705 1510; x_wconf 85' lang='lat'>89:</span> <span class='ocrx_word' id='word_1_160' title='bbox 722 1455 826 1510; x_wconf 81' lang='lat' dir='ltr'>‘voltus</span> <span class='ocrx_word' id='word_1_161' title='bbox 843 1455 918 1510; x_wconf 88' lang='lat' dir='ltr'>enim</span> <span class='ocrx_word' id='word_1_162' title='bbox 933 1452 1027 1534; x_wconf 74' lang='lat' dir='ltr'>vestri,</span> <span class='ocrx_word' id='word_1_163' title='bbox 1043 1451 1159 1518; x_wconf 89' lang='lat' dir='ltr'>iudices,</span> 
     </span>
     <span class='ocr_line' id='line_1_18' title="bbox 86 1520 1068 1594; baseline 0 -20"><span class='ocrx_word' id='word_1_164' title='bbox 86 1536 120 1575; x_wconf 88' lang='lat' dir='ltr'>ne</span> <span class='ocrx_word' id='word_1_165' title='bbox 128 1522 237 1576; x_wconf 84' lang='lat' dir='ltr'>mritsnt</span> <span class='ocrx_word' id='word_1_166' title='bbox 247 1526 287 1594; x_wconf 87' lang='lat' dir='ltr'>ut,</span> <span class='ocrx_word' id='word_1_167' title='bbox 300 1537 375 1593; x_wconf 88' lang='lat' dir='ltr'>quae</span> <span class='ocrx_word' id='word_1_168' title='bbox 386 1522 528 1578; x_wconf 88' lang='lat' dir='ltr'>reticenda</span> <span class='ocrx_word' id='word_1_169' title='bbox 539 1528 676 1594; x_wconf 84' lang='lat' dir='ltr'>putaram,</span> <span class='ocrx_word' id='word_1_170' title='bbox 689 1522 778 1578; x_wconf 90' lang='lat' dir='ltr'>libeat</span> <span class='ocrx_word' id='word_1_171' title='bbox 789 1524 846 1577; x_wconf 87' lang='lat' dir='ltr'>iam</span> <span class='ocrx_word' id='word_1_172' title='bbox 857 1522 945 1578; x_wconf 85' lang='lat' dir='ltr'>libere</span> <span class='ocrx_word' id='word_1_173' title='bbox 957 1520 1068 1575; x_wconf 66' lang='lat' dir='ltr'>dicere!</span> 
     </span>
    </p>
   </div>
   <div class='ocr_carea' id='block_1_8' title="bbox 85 1601 1162 1894">
    <p class='ocr_par' dir='ltr' id='par_1_9' title="bbox 85 1601 1162 1894">
     <span class='ocr_line' id='line_1_19' title="bbox 137 1601 1161 1680; baseline -0.009 -14"><span class='ocrx_word' id='word_1_174' title='bbox 137 1601 164 1666; x_wconf 84' lang='grc'><strong>6.</strong></span> <span class='ocrx_word' id='word_1_175' title='bbox 177 1601 205 1665; x_wconf 76' lang='lat' dir='ltr'>I.</span> <span class='ocrx_word' id='word_1_176' title='bbox 223 1604 321 1662; x_wconf 78' lang='lat' dir='ltr'>Cicero</span> <span class='ocrx_word' id='word_1_177' title='bbox 338 1607 458 1678; x_wconf 86' lang='lat' dir='ltr'>quodam</span> <span class='ocrx_word' id='word_1_178' title='bbox 473 1608 534 1663; x_wconf 93' lang='lat' dir='ltr'>loco</span> <span class='ocrx_word' id='word_1_179' title='bbox 550 1608 659 1677; x_wconf 88' lang='lat' dir='ltr'>scribit,</span> <span class='ocrx_word' id='word_1_180' title='bbox 675 1608 706 1662; x_wconf 92' lang='lat' dir='ltr'>id</span> <span class='ocrx_word' id='word_1_181' title='bbox 718 1625 778 1664; x_wconf 86' lang='lat' dir='ltr'>esse</span> <span class='ocrx_word' id='word_1_182' title='bbox 790 1607 937 1680; x_wconf 85' lang='lat' dir='ltr'>optimum,</span> <span class='ocrx_word' id='word_1_183' title='bbox 954 1605 1042 1676; x_wconf 90' lang='lat' dir='ltr'>quod,</span> <span class='ocrx_word' id='word_1_184' title='bbox 1059 1621 1122 1658; x_wconf 89' lang='lat' dir='ltr'>cum</span> <span class='ocrx_word' id='word_1_185' title='bbox 1132 1609 1161 1658; x_wconf 91' lang='lat' dir='ltr'>tc</span> 
     </span>
     <span class='ocr_line' id='line_1_20' title="bbox 86 1679 1162 1762; baseline -0.002 -26"><span class='ocrx_word' id='word_1_186' title='bbox 86 1681 154 1762; x_wconf 73' lang='lat' dir='ltr'>facile</span> <span class='ocrx_word' id='word_1_187' title='bbox 172 1685 321 1739; x_wconf 81' lang='lat' dir='ltr'>credideris</span> <span class='ocrx_word' id='word_1_188' title='bbox 342 1685 474 1754; x_wconf 81' lang='lat' dir='ltr'>consequi</span> <span class='ocrx_word' id='word_1_189' title='bbox 493 1685 659 1754; x_wconf 84' lang='lat' dir='ltr'>imitatione,</span> <span class='ocrx_word' id='word_1_190' title='bbox 680 1703 736 1739; x_wconf 90' lang='lat' dir='ltr'>non</span> <span class='ocrx_word' id='word_1_191' title='bbox 755 1685 853 1756; x_wconf 85' lang='lat' dir='ltr'>possis.</span> <span class='ocrx_word' id='word_1_192' title='bbox 889 1684 944 1738; x_wconf 83' lang='lat' dir='ltr'>elio</span> <span class='ocrx_word' id='word_1_193' title='bbox 962 1699 1037 1752; x_wconf 84' lang='lat' dir='ltr'>vcro,</span> <span class='ocrx_word' id='word_1_194' title='bbox 1057 1697 1112 1736; x_wconf 91' lang='lat' dir='ltr'>non</span> <span class='ocrx_word' id='word_1_195' title='bbox 1130 1679 1162 1734; x_wconf 88' lang='lat' dir='ltr'>id</span> 
     </span>
     <span class='ocr_line' id='line_1_21' title="bbox 86 1748 1160 1834; baseline 0 -32"><span class='ocrx_word' id='word_1_196' title='bbox 86 1765 175 1821; x_wconf 77' lang='lat' dir='ltr'>egisse,</span> <span class='ocrx_word' id='word_1_197' title='bbox 191 1757 221 1806; x_wconf 89' lang='lat' dir='ltr'>ut</span> <span class='ocrx_word' id='word_1_198' title='bbox 234 1753 276 1808; x_wconf 88' lang='lat' dir='ltr'>ita</span> <span class='ocrx_word' id='word_1_199' title='bbox 287 1753 409 1834; x_wconf 75' lang='lat' dir='ltr'>diceret,</span> <span class='ocrx_word' id='word_1_200' title='bbox 421 1769 480 1834; x_wconf 40' lang='lat' dir='ltr'>,quo</span> <span class='ocrx_word' id='word_1_201' title='bbox 496 1755 578 1808; x_wconf 92' lang='lat' dir='ltr'>modo</span> <span class='ocrx_word' id='word_1_202' title='bbox 590 1771 620 1808; x_wconf 86' lang='lat' dir='ltr'>se</span> <span class='ocrx_word' id='word_1_203' title='bbox 634 1753 752 1822; x_wconf 86' lang='lat' dir='ltr'>quilibet</span> <span class='ocrx_word' id='word_1_204' title='bbox 766 1769 848 1824; x_wconf 88' lang='lat' dir='ltr'>posse</span> <span class='ocrx_word' id='word_1_205' title='bbox 861 1749 1023 1820; x_wconf 87' lang='lat' dir='ltr'>confideret,</span> <span class='ocrx_word' id='word_1_206' title='bbox 1044 1748 1095 1804; x_wconf 84' lang='lat' dir='ltr'>sed</span> <span class='ocrx_word' id='word_1_207' title='bbox 1105 1763 1160 1817; x_wconf 92' lang='lat' dir='ltr'>quc</span> 
     </span>
     <span class='ocr_line' id='line_1_22' title="bbox 85 1819 674 1894; baseline 0.01 -24"><span class='ocrx_word' id='word_1_208' title='bbox 85 1819 156 1873; x_wconf 89' lang='lat' dir='ltr'>modo</span> <span class='ocrx_word' id='word_1_209' title='bbox 165 1835 244 1876; x_wconf 84' lang='lat' dir='ltr'>nemo.</span> <span class='ocrx_word' id='word_1_210' title='bbox 280 1820 518 1894; x_wconf 73' lang='lat' dir='ltr'>Quintilianus</span> <span class='ocrx_word' id='word_1_211' title='bbox 529 1821 582 1890; x_wconf 91' lang='lat' dir='ltr'>XI,</span> <span class='ocrx_word' id='word_1_212' title='bbox 595 1823 620 1890; x_wconf 91' lang='lat'>1,</span> <span class='ocrx_word' id='word_1_213' title='bbox 632 1822 674 1876; x_wconf 87' lang='grc'><strong>92.</strong></span> 
     </span>
    </p>
   </div>
   <div class='ocr_carea' id='block_1_9' title="bbox 87 1889 1161 2194">
    <p class='ocr_par' dir='ltr' id='par_1_10' title="bbox 87 1889 1161 2194">
     <span class='ocr_line' id='line_1_23' title="bbox 138 1889 1160 1968; baseline -0.008 -14"><span class='ocrx_word' id='word_1_214' title='bbox 138 1889 166 1954; x_wconf 88' lang='grc'>8.</span> <span class='ocrx_word' id='word_1_215' title='bbox 186 1897 428 1967; x_wconf 85' lang='lat' dir='ltr'>quotienscumque</span> <span class='ocrx_word' id='word_1_216' title='bbox 444 1897 603 1968; x_wconf 86' lang='lat' dir='ltr'>specialiter</span> <span class='ocrx_word' id='word_1_217' title='bbox 619 1897 725 1966; x_wconf 86' lang='lat' dir='ltr'>aliquid</span> <span class='ocrx_word' id='word_1_218' title='bbox 741 1897 866 1953; x_wconf 83' lang='lat' dir='ltr'>volumus</span> <span class='ocrx_word' id='word_1_219' title='bbox 881 1896 1037 1964; x_wconf 86' lang='lat' dir='ltr'>includere,</span> <span class='ocrx_word' id='word_1_220' title='bbox 1053 1893 1098 1947; x_wconf 86' lang='lat' dir='ltr'>his</span> <span class='ocrx_word' id='word_1_221' title='bbox 1112 1893 1160 1946; x_wconf 91' lang='lat' dir='ltr'>tri-</span> 
     </span>
     <span class='ocr_line' id='line_1_24' title="bbox 87 1973 1161 2054; baseline 0.004 -22"><span class='ocrx_word' id='word_1_222' title='bbox 87 1978 128 2033; x_wconf 89' lang='lat' dir='ltr'>bus</span> <span class='ocrx_word' id='word_1_223' title='bbox 140 1979 297 2038; x_wconf 86' lang='lat' dir='ltr'>includimus</span> <span class='ocrx_word' id='word_1_224' title='bbox 314 1985 392 2050; x_wconf 70' lang='grc' dir='ltr'>ιιιιιο,</span> <span class='ocrx_word' id='word_1_225' title='bbox 409 1983 533 2054; x_wconf 89' lang='lat' dir='ltr'>proprio,</span> <span class='ocrx_word' id='word_1_226' title='bbox 550 1984 642 2052; x_wconf 86' lang='lat' dir='ltr'>certo,&#39;</span> <span class='ocrx_word' id='word_1_227' title='bbox 665 1988 697 2038; x_wconf 88' lang='lat' dir='ltr'>ut</span> <span class='ocrx_word' id='word_1_228' title='bbox 712 1983 834 2038; x_wconf 88' lang='lat' dir='ltr'>Tullius:</span> <span class='ocrx_word' id='word_1_229' title='bbox 866 1977 931 2042; x_wconf 85' lang='lat' dir='ltr'>suis</span> <span class='ocrx_word' id='word_1_230' title='bbox 963 1997 1037 2042; x_wconf 87' lang='lat' dir='ltr'>eum</span> <span class='ocrx_word' id='word_1_231' title='bbox 1068 1973 1161 2040; x_wconf 80' lang='lat' dir='ltr'>certis</span> 
     </span>
     <span class='ocr_line' id='line_1_25' title="bbox 87 2061 1159 2194; baseline -0.008 -69"><span class='ocrx_word' id='word_1_232' title='bbox 87 2061 264 2194; x_wconf 57' lang='lat' dir='ltr'>fflriisque</span> <span class='ocrx_word' id='word_1_233' title='bbox 282 2061 472 2128; x_wconf 88' lang='lat' dir='ltr'>criminibus</span> <span class='ocrx_word' id='word_1_234' title='bbox 490 2063 658 2128; x_wconf 87' lang='lat' dir='ltr'>accusabo.</span> <span class='ocrx_word' id='word_1_235' title='bbox 697 2068 896 2125; x_wconf 87' lang='lat' dir='ltr'>Victorinus</span> <span class='ocrx_word' id='word_1_236' title='bbox 909 2063 1159 2138; x_wconf 78' lang='lat' dir='ltr'>p.2lt,19sqq.ed.</span> 
     </span>
    </p>
   </div>
   <div class='ocr_carea' id='block_1_10' title="bbox 27 2213 1165 3074">
    <p class='ocr_par' dir='ltr' id='par_1_11' title="bbox 27 2213 1164 2828">
     <span class='ocr_line' id='line_1_26' title="bbox 138 2213 1161 2292; baseline -0.01 -15"><span class='ocrx_word' id='word_1_237' title='bbox 138 2213 165 2278; x_wconf 88' lang='lat'>9.</span> <span class='ocrx_word' id='word_1_238' title='bbox 183 2221 211 2278; x_wconf 87' lang='lat' dir='ltr'>in</span> <span class='ocrx_word' id='word_1_239' title='bbox 221 2220 457 2277; x_wconf 84' lang='lat' dir='ltr'>coniecturalibus</span> <span class='ocrx_word' id='word_1_240' title='bbox 470 2221 559 2276; x_wconf 87' lang='lat' dir='ltr'>causis</span> <span class='ocrx_word' id='word_1_241' title='bbox 574 2221 640 2276; x_wconf 91' lang='lat' dir='ltr'>hinc</span> <span class='ocrx_word' id='word_1_242' title='bbox 652 2226 815 2292; x_wconf 79' lang='lat' dir='ltr'>argumenta</span> <span class='ocrx_word' id='word_1_243' title='bbox 827 2223 982 2274; x_wconf 86' lang='lat' dir='ltr'>sumuntur:</span> <span class='ocrx_word' id='word_1_244' title='bbox 999 2234 1017 2271; x_wconf 86' lang='lat' dir='ltr'>a</span> <span class='ocrx_word' id='word_1_245' title='bbox 1028 2215 1161 2286; x_wconf 85' lang='lat' dir='ltr'>personis,</span> 
     </span>
     <span class='ocr_line' id='line_1_27' title="bbox 88 2290 1162 2370; baseline -0.007 -20"><span class='ocrx_word' id='word_1_246' title='bbox 88 2295 171 2366; x_wconf 69' lang='lat' dir='ltr'>causis,</span> <span class='ocrx_word' id='word_1_247' title='bbox 182 2297 376 2368; x_wconf 77' lang='lat' dir='ltr'>securitatibus,</span> <span class='ocrx_word' id='word_1_248' title='bbox 387 2297 596 2368; x_wconf 85' lang='lat' dir='ltr'>verisimilibus,</span> <span class='ocrx_word' id='word_1_249' title='bbox 607 2297 703 2370; x_wconf 82' lang='lat' dir='ltr'>signis.</span> <span class='ocrx_word' id='word_1_250' title='bbox 721 2327 732 2338; x_wconf 93' lang='lat'><em>·</em></span> <span class='ocrx_word' id='word_1_251' title='bbox 744 2327 755 2338; x_wconf 95' lang='lat'>·</span> <span class='ocrx_word' id='word_1_252' title='bbox 771 2298 839 2350; x_wconf 86' lang='lat' dir='ltr'>item</span> <span class='ocrx_word' id='word_1_253' title='bbox 854 2293 1030 2366; x_wconf 82' lang='lat' dir='ltr'>proferuntur</span> <span class='ocrx_word' id='word_1_254' title='bbox 1046 2290 1162 2344; x_wconf 83' lang='lat' dir='ltr'>auditio·</span> 
     </span>
     <span class='ocr_line' id='line_1_28' title="bbox 88 2357 1164 2443; baseline -0.006 -27"><span class='ocrx_word' id='word_1_255' title='bbox 88 2377 135 2443; x_wconf 76' lang='lat' dir='ltr'>nes,</span> <span class='ocrx_word' id='word_1_256' title='bbox 141 2367 314 2438; x_wconf 88' lang='lat' dir='ltr'>suspiciones,</span> <span class='ocrx_word' id='word_1_257' title='bbox 325 2365 423 2436; x_wconf 85' lang='lat' dir='ltr'>spolie,</span> <span class='ocrx_word' id='word_1_258' title='bbox 433 2366 617 2436; x_wconf 67' lang='lat' dir='ltr'>quaestiones,</span> <span class='ocrx_word' id='word_1_259' title='bbox 626 2365 741 2433; x_wconf 89' lang='lat' dir='ltr'>indices,</span> <span class='ocrx_word' id='word_1_260' title='bbox 750 2362 827 2418; x_wconf 84' lang='lat' dir='ltr'>fama</span> <span class='ocrx_word' id='word_1_261' title='bbox 835 2364 880 2418; x_wconf 81' lang='lat' dir='ltr'>rel</span> <span class='ocrx_word' id='word_1_262' title='bbox 889 2361 1033 2440; x_wconf 72' lang='lat' dir='ltr'>opiniones</span> <span class='ocrx_word' id='word_1_263' title='bbox 1041 2361 1069 2412; x_wconf 88' lang='lat' dir='ltr'>et</span> <span class='ocrx_word' id='word_1_264' title='bbox 1076 2357 1164 2410; x_wconf 86' lang='lat' dir='ltr'>multa</span> 
     </span>
     <span class='ocr_line' id='line_1_29' title="bbox 88 2424 1163 2504; baseline -0.013 -14"><span class='ocrx_word' id='word_1_265' title='bbox 88 2431 177 2500; x_wconf 68' lang='lat' dir='ltr'>mdiu,</span> <span class='ocrx_word' id='word_1_266' title='bbox 196 2449 268 2504; x_wconf 88' lang='lat' dir='ltr'>quae</span> <span class='ocrx_word' id='word_1_267' title='bbox 289 2450 383 2488; x_wconf 90' lang='lat' dir='ltr'>rerum</span> <span class='ocrx_word' id='word_1_268' title='bbox 403 2433 523 2488; x_wconf 86' lang='lat' dir='ltr'>varietas</span> <span class='ocrx_word' id='word_1_269' title='bbox 544 2433 742 2488; x_wconf 86' lang='lat' dir='ltr'>subministrat.</span> <span class='ocrx_word' id='word_1_270' title='bbox 768 2447 786 2484; x_wconf 89' lang='lat' dir='ltr'>a</span> <span class='ocrx_word' id='word_1_271' title='bbox 800 2445 933 2501; x_wconf 88' lang='lat' dir='ltr'>persona,</span> <span class='ocrx_word' id='word_1_272' title='bbox 952 2432 985 2481; x_wconf 89' lang='lat' dir='ltr'>ut</span> <span class='ocrx_word' id='word_1_273' title='bbox 1001 2424 1097 2480; x_wconf 86' lang='lat' dir='ltr'>Crccro</span> <span class='ocrx_word' id='word_1_274' title='bbox 1112 2439 1163 2494; x_wconf 93' lang='lat' dir='ltr'>pro</span> 
     </span>
     <span class='ocr_line' id='line_1_30' title="bbox 88 2498 1163 2587; baseline -0.006 -29"><span class='ocrx_word' id='word_1_275' title='bbox 88 2501 195 2564; x_wconf 76' lang='lat' dir='ltr'>Cluentio</span> <span class='ocrx_word' id='word_1_276' title='bbox 206 2512 239 2582; x_wconf 64' lang='grc' dir='ltr'><strong>(ς.</strong></span> <span class='ocrx_word' id='word_1_277' title='bbox 252 2513 308 2580; x_wconf 90' lang='grc'><strong>70.)</strong></span> <span class='ocrx_word' id='word_1_278' title='bbox 322 2527 395 2570; x_wconf 90' lang='lat' dir='ltr'>cum</span> <span class='ocrx_word' id='word_1_279' title='bbox 413 2508 604 2580; x_wconf 71' lang='lat' dir='ltr'>essetisque</span> <span class='ocrx_word' id='word_1_280' title='bbox 626 2525 724 2587; x_wconf 85' lang='lat' dir='ltr'>egens</span> <span class='ocrx_word' id='word_1_281' title='bbox 742 2523 885 2564; x_wconf 87' lang='lat' dir='ltr'>--suam</span> <span class='ocrx_word' id='word_1_282' title='bbox 903 2519 959 2562; x_wconf 89' lang='lat' dir='ltr'>coe</span> <span class='ocrx_word' id='word_1_283' title='bbox 982 2498 1015 2560; x_wconf 85' lang='lat' dir='ltr'>it.</span> <span class='ocrx_word' id='word_1_284' title='bbox 1037 2518 1055 2555; x_wconf 91' lang='lat' dir='ltr'>a</span> <span class='ocrx_word' id='word_1_285' title='bbox 1067 2516 1163 2555; x_wconf 85' lang='lat' dir='ltr'>causa:</span> 
     </span>
     <span class='ocr_line' id='line_1_31' title="bbox 89 2519 1164 2676; baseline -0.005 -27"><span class='ocrx_word' id='word_1_286' title='bbox 89 2586 186 2654; x_wconf 75' lang='lat' dir='ltr'>atione</span> <span class='ocrx_word' id='word_1_287' title='bbox 201 2590 300 2676; x_wconf 86' lang='lat' dir='ltr'>igitur</span> <span class='ocrx_word' id='word_1_288' title='bbox 319 2589 456 2664; x_wconf 83' lang='lat' dir='ltr'>cernitis,</span> <span class='ocrx_word' id='word_1_289' title='bbox 474 2589 591 2671; x_wconf 89' lang='lat' dir='ltr'>quibus</span> <span class='ocrx_word' id='word_1_290' title='bbox 610 2588 663 2652; x_wconf 87' lang='lat' dir='ltr'>ille</span> <span class='ocrx_word' id='word_1_291' title='bbox 679 2584 891 2658; x_wconf 86' lang='lat' dir='ltr'>mercedibus,</span> <span class='ocrx_word' id='word_1_292' title='bbox 910 2519 1026 2664; x_wconf 76' lang='lat' dir='ltr'>quibus</span> <span class='ocrx_word' id='word_1_293' title='bbox 1044 2579 1164 2646; x_wconf 91' lang='lat' dir='ltr'>emolu·</span> 
     </span>
     <span class='ocr_line' id='line_1_32' title="bbox 88 2669 1164 2760; baseline -0.009 -28"><span class='ocrx_word' id='word_1_294' title='bbox 88 2673 197 2750; x_wconf 85' lang='lat' dir='ltr'>nentis,</span> <span class='ocrx_word' id='word_1_295' title='bbox 214 2676 333 2758; x_wconf 89' lang='lat' dir='ltr'>quibus</span> <span class='ocrx_word' id='word_1_296' title='bbox 350 2675 500 2760; x_wconf 86' lang='lat' dir='ltr'>praemiis</span> <span class='ocrx_word' id='word_1_297' title='bbox 517 2673 667 2737; x_wconf 88' lang='lat' dir='ltr'>incitatus</span> <span class='ocrx_word' id='word_1_298' title='bbox 685 2681 714 2730; x_wconf 87' lang='lat' dir='ltr'>et</span> <span class='ocrx_word' id='word_1_299' title='bbox 725 2679 825 2729; x_wconf 88' lang='lat' dir='ltr'>cetera.</span> <span class='ocrx_word' id='word_1_300' title='bbox 842 2672 949 2726; x_wconf 86' lang='lat' dir='ltr'>lulius</span> <span class='ocrx_word' id='word_1_301' title='bbox 961 2669 1164 2726; x_wconf 83' lang='lat' dir='ltr'>Severianus</span> 
     </span>
     <span class='ocr_line' id='line_1_33' title="bbox 27 2751 780 2828; baseline -0.004 -21"><span class='ocrx_word' id='word_1_302' title='bbox 27 2759 28 2772; x_wconf 65' lang='lat'>¹</span> <span class='ocrx_word' id='word_1_303' title='bbox 89 2767 164 2820; x_wconf 87' lang='lat' dir='ltr'>praec.</span> <span class='ocrx_word' id='word_1_304' title='bbox 176 2761 224 2811; x_wconf 87' lang='lat' dir='ltr'>art.</span> <span class='ocrx_word' id='word_1_305' title='bbox 235 2758 309 2813; x_wconf 87' lang='lat' dir='ltr'>rhet.</span> <span class='ocrx_word' id='word_1_306' title='bbox 322 2757 346 2828; x_wconf 64' lang='grc' dir='ltr'><strong>ξ.</strong></span> <span class='ocrx_word' id='word_1_307' title='bbox 360 2757 402 2811; x_wconf 88' lang='grc'>13.</span> <span class='ocrx_word' id='word_1_308' title='bbox 414 2774 442 2827; x_wconf 93' lang='lat' dir='ltr'>p.</span> <span class='ocrx_word' id='word_1_309' title='bbox 455 2757 515 2824; x_wconf 80' lang='grc'><strong>361,</strong></span> <span class='ocrx_word' id='word_1_310' title='bbox 527 2755 563 2810; x_wconf 86' lang='grc'>24</span> <span class='ocrx_word' id='word_1_311' title='bbox 575 2769 616 2823; x_wconf 88' lang='lat' dir='ltr'>sq.</span> <span class='ocrx_word' id='word_1_312' title='bbox 631 2754 674 2808; x_wconf 88' lang='lat' dir='ltr'>ed.</span> <span class='ocrx_word' id='word_1_313' title='bbox 688 2751 780 2806; x_wconf 89' lang='lat' dir='ltr'>Halm.</span> 
     </span>
    </p>

    <p class='ocr_par' dir='ltr' id='par_1_12' title="bbox 90 2829 1165 3074">
     <span class='ocr_line' id='line_1_34' title="bbox 142 2829 1165 2917; baseline -0.006 -21"><span class='ocrx_word' id='word_1_314' title='bbox 142 2835 187 2898; x_wconf 89' lang='grc'><strong>10.</strong></span> <span class='ocrx_word' id='word_1_315' title='bbox 207 2841 285 2898; x_wconf 78' lang='lat' dir='ltr'>fama</span> <span class='ocrx_word' id='word_1_316' title='bbox 295 2842 342 2896; x_wconf 80' lang='lat' dir='ltr'>vel</span> <span class='ocrx_word' id='word_1_317' title='bbox 354 2841 504 2913; x_wconf 88' lang='lat' dir='ltr'>opinio,ut</span> <span class='ocrx_word' id='word_1_318' title='bbox 515 2837 625 2895; x_wconf 77' lang='lat' dir='ltr'>Cicero:</span> <span class='ocrx_word' id='word_1_319' title='bbox 645 2831 751 2917; x_wconf 87' lang='lat' dir='ltr'>opinio</span> <span class='ocrx_word' id='word_1_320' title='bbox 775 2829 836 2894; x_wconf 86' lang='lat' dir='ltr'>fuit</span> <span class='ocrx_word' id='word_1_321' title='bbox 859 2829 992 2914; x_wconf 84' lang='lat' dir='ltr'>duplex,</span> <span class='ocrx_word' id='word_1_322' title='bbox 1014 2849 1079 2891; x_wconf 81' lang='lat' dir='ltr'>una</span> <span class='ocrx_word' id='word_1_323' title='bbox 1100 2847 1165 2891; x_wconf 88' lang='lat' dir='ltr'>non</span> 
     </span>
     <span class='ocr_line' id='line_1_35' title="bbox 91 2914 1164 3002; baseline -0.006 -26"><span class='ocrx_word' id='word_1_324' title='bbox 91 2914 244 2986; x_wconf 87' lang='lat' dir='ltr'>abhorrens</span> <span class='ocrx_word' id='word_1_325' title='bbox 262 2923 306 2986; x_wconf 93' lang='lat' dir='ltr'>ab</span> <span class='ocrx_word' id='word_1_326' title='bbox 325 2932 411 2986; x_wconf 91' lang='lat' dir='ltr'>statu</span> <span class='ocrx_word' id='word_1_327' title='bbox 427 2931 605 3002; x_wconf 86' lang='lat' dir='ltr'>naturaque</span> <span class='ocrx_word' id='word_1_328' title='bbox 622 2940 729 2983; x_wconf 86' lang='lat' dir='ltr'>rerum</span> <span class='ocrx_word' id='word_1_329' title='bbox 748 2917 907 2990; x_wconf 86' lang='lat' dir='ltr'>etreliqua.</span> <span class='ocrx_word' id='word_1_330' title='bbox 942 2918 1051 2974; x_wconf 85' lang='lat' dir='ltr'>Iulius</span> <span class='ocrx_word' id='word_1_331' title='bbox 1067 2915 1164 2972; x_wconf 83' lang='lat' dir='ltr'>Sere-</span> 
     </span>
     <span class='ocr_line' id='line_1_36' title="bbox 90 2997 871 3074; baseline -0.003 -21"><span class='ocrx_word' id='word_1_332' title='bbox 90 2997 186 3056; x_wconf 84' lang='lat' dir='ltr'>rianus</span> <span class='ocrx_word' id='word_1_333' title='bbox 196 3020 287 3074; x_wconf 86' lang='lat' dir='ltr'>praec.</span> <span class='ocrx_word' id='word_1_334' title='bbox 300 3007 355 3058; x_wconf 83' lang='lat' dir='ltr'>art.</span> <span class='ocrx_word' id='word_1_335' title='bbox 366 3003 438 3058; x_wconf 87' lang='lat' dir='ltr'>rhet.</span> <span class='ocrx_word' id='word_1_336' title='bbox 451 3001 475 3072; x_wconf 64' lang='grc' dir='ltr'><strong>ἓ.</strong></span> <span class='ocrx_word' id='word_1_337' title='bbox 488 3002 530 3056; x_wconf 85' lang='grc'><strong>14.</strong></span> <span class='ocrx_word' id='word_1_338' title='bbox 542 3019 570 3072; x_wconf 92' lang='lat' dir='ltr'>p.</span> <span class='ocrx_word' id='word_1_339' title='bbox 583 3001 764 3068; x_wconf 79' lang='lat' dir='ltr'>362,18sqq.</span> <span class='ocrx_word' id='word_1_340' title='bbox 777 2997 871 3052; x_wconf 81' lang='lat' dir='ltr'>Helm.</span> 
     </span>
    </p>
   </div>
   <div class='ocr_carea' id='block_1_11' title="bbox 31 3077 1167 3388">
    <p class='ocr_par' dir='ltr' id='par_1_13' title="bbox 31 3077 1167 3388">
     <span class='ocr_line' id='line_1_37' title="bbox 143 3077 1166 3164; baseline -0.015 -19"><span class='ocrx_word' id='word_1_341' title='bbox 143 3077 204 3164; x_wconf 89' lang='lat'>[11.</span> <span class='ocrx_word' id='word_1_342' title='bbox 225 3088 347 3158; x_wconf 81' lang='lat' dir='ltr'>senique</span> <span class='ocrx_word' id='word_1_343' title='bbox 360 3094 389 3144; x_wconf 78' lang='lat' dir='ltr'>st</span> <span class='ocrx_word' id='word_1_344' title='bbox 400 3089 509 3144; x_wconf 72' lang='lat' dir='ltr'>uuum</span> <span class='ocrx_word' id='word_1_345' title='bbox 525 3086 654 3157; x_wconf 78' lang='lat' dir='ltr'>expositis</span> <span class='ocrx_word' id='word_1_346' title='bbox 669 3087 768 3140; x_wconf 78' lang='lat' dir='ltr'>norum</span> <span class='ocrx_word' id='word_1_347' title='bbox 778 3082 899 3138; x_wconf 75' lang='lat' dir='ltr'>omnium</span> <span class='ocrx_word' id='word_1_348' title='bbox 910 3081 946 3134; x_wconf 79' lang='lat' dir='ltr'>ss</span> <span class='ocrx_word' id='word_1_349' title='bbox 961 3077 1166 3133; x_wconf 68' lang='lat' dir='ltr'>immortalitate</span> 
     </span>
     <span class='ocr_line' id='line_1_38' title="bbox 92 3152 1166 3237; baseline -0.015 -16"><span class='ocrx_word' id='word_1_350' title='bbox 92 3169 205 3237; x_wconf 52' lang='lat' dir='ltr'>§emortus</span> <span class='ocrx_word' id='word_1_351' title='bbox 219 3165 364 3221; x_wconf 84' lang='lat' dir='ltr'>sententiis</span> <span class='ocrx_word' id='word_1_352' title='bbox 380 3165 487 3220; x_wconf 88' lang='lat' dir='ltr'>nescire</span> <span class='ocrx_word' id='word_1_353' title='bbox 499 3179 542 3231; x_wconf 90' lang='lat' dir='ltr'>se,</span> <span class='ocrx_word' id='word_1_354' title='bbox 558 3163 627 3232; x_wconf 89' lang='lat' dir='ltr'>quid</span> <span class='ocrx_word' id='word_1_355' title='bbox 642 3163 678 3216; x_wconf 89' lang='lat' dir='ltr'>sit</span> <span class='ocrx_word' id='word_1_356' title='bbox 692 3177 801 3228; x_wconf 83' lang='lat' dir='ltr'>verum,</span> <span class='ocrx_word' id='word_1_357' title='bbox 813 3154 1007 3230; x_wconf 83' lang='lat' dir='ltr'>pronuntiavit.</span> <span class='ocrx_word' id='word_1_358' title='bbox 1021 3221 1028 3234; x_wconf 44' lang='lat'><strong>·</strong></span> <span class='ocrx_word' id='word_1_359' title='bbox 1044 3152 1166 3234; x_wconf 74' lang='lat' dir='ltr'>‘barum‘</span> 
     </span>
     <span class='ocr_line' id='line_1_39' title="bbox 31 3220 1166 3307; baseline -0.02 -11"><span class='ocrx_word' id='word_1_360' title='bbox 31 3286 40 3303; x_wconf 80' lang='grc'><strong>,</strong></span> <span class='ocrx_word' id='word_1_361' title='bbox 92 3227 266 3300; x_wconf 67' lang='grc' dir='ltr'>ιιι(17ῐ11Ίίιιιι.</span> <span class='ocrx_word' id='word_1_362' title='bbox 280 3234 353 3304; x_wconf 89' lang='lat' dir='ltr'>disp.</span> <span class='ocrx_word' id='word_1_363' title='bbox 365 3233 389 3302; x_wconf 96' lang='lat' dir='ltr'>I,</span> <span class='ocrx_word' id='word_1_364' title='bbox 400 3234 454 3300; x_wconf 80' lang='grc'><strong>23.)</strong></span> <span class='ocrx_word' id='word_1_365' title='bbox 472 3231 682 3287; x_wconf 83' lang='lat' dir='ltr'>‘sententiarum</span> <span class='ocrx_word' id='word_1_366' title='bbox 694 3245 765 3300; x_wconf 87' lang='lat' dir='ltr'>quae</span> <span class='ocrx_word' id='word_1_367' title='bbox 776 3243 842 3282; x_wconf 84' lang='lat' dir='ltr'>vera</span> <span class='ocrx_word' id='word_1_368' title='bbox 853 3225 898 3294; x_wconf 87' lang='lat' dir='ltr'>sit,</span> <span class='ocrx_word' id='word_1_369' title='bbox 912 3224 980 3278; x_wconf 91' lang='lat' dir='ltr'>deus</span> <span class='ocrx_word' id='word_1_370' title='bbox 992 3221 1079 3307; x_wconf 76' lang='lat' dir='ltr'>shqur</span> <span class='ocrx_word' id='word_1_371' title='bbox 1090 3220 1166 3274; x_wconf 81' lang='lat' dir='ltr'>mde-</span> 
     </span>
     <span class='ocr_line' id='line_1_40' title="bbox 93 3301 1167 3388; baseline -0.009 -22"><span class='ocrx_word' id='word_1_372' title='bbox 93 3301 139 3355; x_wconf 61' lang='lat' dir='ltr'>rib&#39;</span> <span class='ocrx_word' id='word_1_373' title='bbox 159 3309 279 3365; x_wconf 77' lang='lat' dir='ltr'>struem</span> <span class='ocrx_word' id='word_1_374' title='bbox 292 3309 362 3366; x_wconf 91' lang='lat' dir='ltr'>alibi</span> <span class='ocrx_word' id='word_1_375' title='bbox 377 3303 529 3388; x_wconf 90' lang='lat' dir='ltr'>quoniam</span> <span class='ocrx_word' id='word_1_376' title='bbox 551 3314 686 3384; x_wconf 89' lang='lat' dir='ltr'>utraque</span> <span class='ocrx_word' id='word_1_377' title='bbox 703 3303 795 3374; x_wconf 87' lang='lat' dir='ltr'>inquit</span> <span class='ocrx_word' id='word_1_378' title='bbox 811 3318 922 3362; x_wconf 89' lang='lat' dir='ltr'>earum</span> <span class='ocrx_word' id='word_1_379' title='bbox 939 3303 1167 3358; x_wconf 81' lang='lat' dir='ltr'>sententrarum</span> 
     </span>
    </p>
   </div>
   <div class='ocr_carea' id='block_1_12' title="bbox 93 3376 1166 3539">
    <p class='ocr_par' dir='ltr' id='par_1_14' title="bbox 93 3376 1166 3539">
     <span class='ocr_line' id='line_1_41' title="bbox 94 3376 1166 3468; baseline -0.006 -22"><span class='ocrx_word' id='word_1_380' title='bbox 94 3381 273 3454; x_wconf 84' lang='lat' dir='ltr'>doctissimos</span> <span class='ocrx_word' id='word_1_381' title='bbox 286 3389 400 3453; x_wconf 89' lang='lat' dir='ltr'>habuit</span> <span class='ocrx_word' id='word_1_382' title='bbox 414 3399 570 3463; x_wconf 89' lang='lat' dir='ltr'>auctores,</span> <span class='ocrx_word' id='word_1_383' title='bbox 588 3408 647 3452; x_wconf 86' lang='lat' dir='ltr'>nec</span> <span class='ocrx_word' id='word_1_384' title='bbox 665 3384 742 3468; x_wconf 92' lang='lat' dir='ltr'>quid</span> <span class='ocrx_word' id='word_1_385' title='bbox 757 3382 834 3447; x_wconf 89' lang='lat' dir='ltr'>certi</span> <span class='ocrx_word' id='word_1_386' title='bbox 848 3381 888 3446; x_wconf 86' lang='lat' dir='ltr'>sit</span> <span class='ocrx_word' id='word_1_387' title='bbox 905 3376 1039 3444; x_wconf 88' lang='lat' dir='ltr'>divinari</span> <span class='ocrx_word' id='word_1_388' title='bbox 1053 3388 1166 3462; x_wconf 84' lang='lat' dir='ltr'>potest.</span> 
     </span>
     <span class='ocr_line' id='line_1_42' title="bbox 93 3462 962 3539; baseline 0 -23"><span class='ocrx_word' id='word_1_389' title='bbox 93 3462 274 3525; x_wconf 86' lang='lat' dir='ltr'>Lactantius</span> <span class='ocrx_word' id='word_1_390' title='bbox 287 3471 377 3525; x_wconf 82' lang='lat' dir='ltr'>instit.</span> <span class='ocrx_word' id='word_1_391' title='bbox 390 3471 445 3524; x_wconf 84' lang='lat' dir='ltr'>div.</span> <span class='ocrx_word' id='word_1_392' title='bbox 459 3469 523 3539; x_wconf 88' lang='lat' dir='ltr'>VII,</span> <span class='ocrx_word' id='word_1_393' title='bbox 536 3471 562 3538; x_wconf 89' lang='lat'>8,</span> <span class='ocrx_word' id='word_1_394' title='bbox 575 3469 599 3523; x_wconf 87' lang='lat'>9.</span> <span class='ocrx_word' id='word_1_395' title='bbox 636 3466 678 3521; x_wconf 83' lang='lat' dir='ltr'>Cf.</span> <span class='ocrx_word' id='word_1_396' title='bbox 692 3480 775 3536; x_wconf 87' lang='lat' dir='ltr'>supra</span> <span class='ocrx_word' id='word_1_397' title='bbox 786 3481 813 3534; x_wconf 90' lang='lat' dir='ltr'>p.</span> <span class='ocrx_word' id='word_1_398' title='bbox 827 3463 868 3518; x_wconf 91' lang='grc'><strong>72.</strong></span> <span class='ocrx_word' id='word_1_399' title='bbox 881 3480 908 3517; x_wconf 90' lang='lat' dir='ltr'>n.</span> <span class='ocrx_word' id='word_1_400' title='bbox 922 3463 962 3528; x_wconf 88' lang='grc'><strong>9.]</strong></span> 
     </span>
    </p>
   </div>
   <div class='ocr_carea' id='block_1_13' title="bbox 93 3545 1171 3880">
    <p class='ocr_par' dir='ltr' id='par_1_15' title="bbox 93 3545 1169 3697">
     <span class='ocr_line' id='line_1_43' title="bbox 148 3545 1169 3627; baseline -0.011 -17"><span class='ocrx_word' id='word_1_401' title='bbox 148 3547 195 3611; x_wconf 80' lang='grc'><strong>12.</strong></span> <span class='ocrx_word' id='word_1_402' title='bbox 214 3554 369 3627; x_wconf 91' lang='lat' dir='ltr'>Pomponio</span> <span class='ocrx_word' id='word_1_403' title='bbox 380 3555 475 3610; x_wconf 88' lang='lat' dir='ltr'>Attico</span> <span class='ocrx_word' id='word_1_404' title='bbox 487 3560 516 3608; x_wconf 87' lang='lat' dir='ltr'>et</span> <span class='ocrx_word' id='word_1_405' title='bbox 526 3553 565 3608; x_wconf 89' lang='lat' dir='ltr'>M.</span> <span class='ocrx_word' id='word_1_406' title='bbox 571 3553 664 3606; x_wconf 79' lang='lat' dir='ltr'>Tullio</span> <span class='ocrx_word' id='word_1_407' title='bbox 676 3551 779 3622; x_wconf 86' lang='lat' dir='ltr'>(placet</span> <span class='ocrx_word' id='word_1_408' title='bbox 790 3549 907 3603; x_wconf 87' lang='lat' dir='ltr'>Romam</span> <span class='ocrx_word' id='word_1_409' title='bbox 919 3547 1066 3617; x_wconf 87' lang='lat' dir='ltr'>conditam)</span> <span class='ocrx_word' id='word_1_410' title='bbox 1075 3545 1169 3617; x_wconf 89' lang='lat' dir='ltr'>Olym-</span> 
     </span>
     <span class='ocr_line' id='line_1_44' title="bbox 93 3622 1106 3697; baseline -0.016 -5"><span class='ocrx_word' id='word_1_411' title='bbox 93 3625 172 3692; x_wconf 71' lang='lat' dir='ltr'>l’bdis</span> <span class='ocrx_word' id='word_1_412' title='bbox 181 3637 274 3686; x_wconf 86' lang='lat' dir='ltr'>sextae</span> <span class='ocrx_word' id='word_1_413' title='bbox 286 3647 358 3686; x_wconf 87' lang='lat' dir='ltr'>anno</span> <span class='ocrx_word' id='word_1_414' title='bbox 369 3632 459 3687; x_wconf 89' lang='lat' dir='ltr'>tertio.</span> <span class='ocrx_word' id='word_1_415' title='bbox 485 3629 620 3686; x_wconf 82' lang='lat' dir='ltr'>Solinus</span> <span class='ocrx_word' id='word_1_416' title='bbox 634 3646 656 3683; x_wconf 91' lang='lat' dir='ltr'>c.</span> <span class='ocrx_word' id='word_1_417' title='bbox 671 3629 696 3697; x_wconf 94' lang='lat' dir='ltr'>l,</span> <span class='ocrx_word' id='word_1_418' title='bbox 707 3627 750 3682; x_wconf 88' lang='grc'><strong>27.</strong></span> <span class='ocrx_word' id='word_1_419' title='bbox 763 3626 799 3680; x_wconf 87' lang='lat' dir='ltr'>cs.</span> <span class='ocrx_word' id='word_1_420' title='bbox 812 3623 870 3680; x_wconf 77' lang='lat' dir='ltr'>Cic.</span> <span class='ocrx_word' id='word_1_421' title='bbox 882 3625 918 3678; x_wconf 91' lang='lat' dir='ltr'>de</span> <span class='ocrx_word' id='word_1_422' title='bbox 930 3639 961 3678; x_wconf 92' lang='lat' dir='ltr'>rc</span> <span class='ocrx_word' id='word_1_423' title='bbox 972 3641 1000 3694; x_wconf 89' lang='lat' dir='ltr'>p.</span> <span class='ocrx_word' id='word_1_424' title='bbox 1013 3622 1052 3691; x_wconf 87' lang='lat' dir='ltr'>H,</span> <span class='ocrx_word' id='word_1_425' title='bbox 1064 3623 1106 3677; x_wconf 87' lang='grc'>18.</span> 
     </span>
    </p>

    <p class='ocr_par' dir='ltr' id='par_1_16' title="bbox 96 3703 1171 3880">
     <span class='ocr_line' id='line_1_45' title="bbox 149 3703 1170 3785; baseline -0.012 -14"><span class='ocrx_word' id='word_1_426' title='bbox 149 3708 196 3774; x_wconf 84' lang='grc'><strong>13.</strong></span> <span class='ocrx_word' id='word_1_427' title='bbox 217 3715 264 3770; x_wconf 90' lang='lat' dir='ltr'>hic</span> <span class='ocrx_word' id='word_1_428' title='bbox 275 3721 318 3771; x_wconf 86' lang='lat' dir='ltr'>est</span> <span class='ocrx_word' id='word_1_429' title='bbox 328 3717 486 3772; x_wconf 85' lang='lat' dir='ltr'>verissimus</span> <span class='ocrx_word' id='word_1_430' title='bbox 496 3716 576 3785; x_wconf 90' lang='lat' dir='ltr'>ritus,</span> <span class='ocrx_word' id='word_1_431' title='bbox 587 3715 658 3770; x_wconf 87' lang='lat' dir='ltr'>haec</span> <span class='ocrx_word' id='word_1_432' title='bbox 669 3717 712 3768; x_wconf 87' lang='lat' dir='ltr'>est</span> <span class='ocrx_word' id='word_1_433' title='bbox 732 3707 787 3770; x_wconf 87' lang='lat' dir='ltr'>illa</span> <span class='ocrx_word' id='word_1_434' title='bbox 807 3705 860 3770; x_wconf 86' lang='lat' dir='ltr'>lex</span> <span class='ocrx_word' id='word_1_435' title='bbox 883 3703 990 3780; x_wconf 87' lang='lat' dir='ltr'>dei,ut</span> <span class='ocrx_word' id='word_1_436' title='bbox 1005 3725 1022 3762; x_wconf 91' lang='lat' dir='ltr'>a</span> <span class='ocrx_word' id='word_1_437' title='bbox 1038 3705 1170 3762; x_wconf 79' lang='lat' dir='ltr'>Cicerone</span> 
     </span>
     <span class='ocr_line' id='line_1_46' title="bbox 96 3786 1171 3880; baseline -0.023 -9"><span class='ocrx_word' id='word_1_438' title='bbox 96 3795 187 3853; x_wconf 78' lang='lat' dir='ltr'>desum</span> <span class='ocrx_word' id='word_1_439' title='bbox 201 3806 252 3868; x_wconf 63' lang='lat'>0⁸²·</span> <span class='ocrx_word' id='word_1_440' title='bbox 269 3798 432 3880; x_wconf 88' lang='lat' dir='ltr'>praeclara</span> <span class='ocrx_word' id='word_1_441' title='bbox 449 3806 482 3862; x_wconf 88' lang='lat' dir='ltr'>et</span> <span class='ocrx_word' id='word_1_442' title='bbox 499 3794 622 3870; x_wconf 85' lang='lat' dir='ltr'>divina,</span> <span class='ocrx_word' id='word_1_443' title='bbox 640 3813 766 3878; x_wconf 86' lang='lat' dir='ltr'>semper</span> <span class='ocrx_word' id='word_1_444' title='bbox 782 3810 866 3874; x_wconf 85' lang='lat' dir='ltr'>quae</span> <span class='ocrx_word' id='word_1_445' title='bbox 883 3799 971 3854; x_wconf 80' lang='lat' dir='ltr'>recta</span> <span class='ocrx_word' id='word_1_446' title='bbox 988 3798 1020 3851; x_wconf 87' lang='lat' dir='ltr'>et</span> <span class='ocrx_word' id='word_1_447' title='bbox 1037 3786 1171 3849; x_wconf 86' lang='lat' dir='ltr'>honesta</span> 
     </span>
    </p>
   </div>
   <div class='ocr_carea' id='block_1_14' title="bbox 28 3872 1172 4122">
    <p class='ocr_par' dir='ltr' id='par_1_17' title="bbox 28 3872 1172 4122">
     <span class='ocr_line' id='line_1_47' title="bbox 96 3872 1172 3968; baseline -0.016 -27"><span class='ocrx_word' id='word_1_448' title='bbox 96 3872 185 3956; x_wconf 84' lang='lat' dir='ltr'>iubet,</span> <span class='ocrx_word' id='word_1_449' title='bbox 205 3889 292 3945; x_wconf 81' lang='lat' dir='ltr'>vetat</span> <span class='ocrx_word' id='word_1_450' title='bbox 308 3904 407 3968; x_wconf 82' lang='lat' dir='ltr'>prava</span> <span class='ocrx_word' id='word_1_451' title='bbox 424 3893 456 3947; x_wconf 88' lang='lat' dir='ltr'>et</span> <span class='ocrx_word' id='word_1_452' title='bbox 473 3879 593 3966; x_wconf 84' lang='lat' dir='ltr'>turpia3</span> <span class='ocrx_word' id='word_1_453' title='bbox 616 3883 661 3939; x_wconf 88' lang='lat' dir='ltr'>cui</span> <span class='ocrx_word' id='word_1_454' title='bbox 676 3886 820 3954; x_wconf 86' lang='lat' dir='ltr'>parentem</span> <span class='ocrx_word' id='word_1_455' title='bbox 831 3877 1022 3965; x_wconf 71' lang='lat' dir='ltr'>sanctissimae</span> <span class='ocrx_word' id='word_1_456' title='bbox 1033 3889 1066 3928; x_wconf 91' lang='lat' dir='ltr'>ac</span> <span class='ocrx_word' id='word_1_457' title='bbox 1078 3873 1172 3927; x_wconf 88' lang='lat' dir='ltr'>certis-</span> 
     </span>
     <span class='ocr_line' id='line_1_48' title="bbox 29 3947 1170 4036; baseline -0.014 -20"><span class='ocrx_word' id='word_1_458' title='bbox 29 4009 30 4016; x_wconf 65' lang='lat'>.</span> <span class='ocrx_word' id='word_1_459' title='bbox 99 3955 170 4014; x_wconf 69' lang='lat' dir='ltr'>timae</span> <span class='ocrx_word' id='word_1_460' title='bbox 184 3961 242 4032; x_wconf 81' lang='lat' dir='ltr'>legi</span> <span class='ocrx_word' id='word_1_461' title='bbox 255 3961 327 4018; x_wconf 87' lang='lat' dir='ltr'>iusto</span> <span class='ocrx_word' id='word_1_462' title='bbox 344 3979 377 4018; x_wconf 87' lang='lat' dir='ltr'>ac</span> <span class='ocrx_word' id='word_1_463' title='bbox 392 3963 516 4036; x_wconf 82' lang='lat' dir='ltr'>legitime</span> <span class='ocrx_word' id='word_1_464' title='bbox 535 3977 648 4018; x_wconf 89' lang='lat' dir='ltr'>neccsse</span> <span class='ocrx_word' id='word_1_465' title='bbox 665 3963 708 4016; x_wconf 88' lang='lat' dir='ltr'>est</span> <span class='ocrx_word' id='word_1_466' title='bbox 722 3960 823 4014; x_wconf 74' lang='lat' dir='ltr'>rivere.</span> <span class='ocrx_word' id='word_1_467' title='bbox 863 3957 1065 4035; x_wconf 76' lang='lat' dir='ltr'>Lactantius</span> <span class='ocrx_word' id='word_1_468' title='bbox 1081 3947 1170 4002; x_wconf 84' lang='lat' dir='ltr'>Instrt</span> 
     </span>
     <span class='ocr_line' id='line_1_49' title="bbox 28 4016 1172 4122; baseline -0.01 -26"><span class='ocrx_word' id='word_1_469' title='bbox 28 4016 34 4122; x_wconf 74' lang='lat' dir='ltr'>l</span> <span class='ocrx_word' id='word_1_470' title='bbox 101 4032 143 4088; x_wconf 78' lang='lat' dir='ltr'>div.</span> <span class='ocrx_word' id='word_1_471' title='bbox 158 4036 262 4107; x_wconf 64' lang='lat' dir='ltr'>vias,</span> <span class='ocrx_word' id='word_1_472' title='bbox 274 4038 318 4095; x_wconf 79' lang='lat' dir='ltr'>aa.</span> <span class='ocrx_word' id='word_1_473' title='bbox 351 4040 393 4096; x_wconf 85' lang='lat' dir='ltr'>of.</span> <span class='ocrx_word' id='word_1_474' title='bbox 410 4039 535 4111; x_wconf 83' lang='lat' dir='ltr'>Philipp.</span> <span class='ocrx_word' id='word_1_475' title='bbox 546 4038 598 4108; x_wconf 79' lang='lat' dir='ltr'>xi,</span> <span class='ocrx_word' id='word_1_476' title='bbox 610 4038 657 4092; x_wconf 83' lang='lat' dir='ltr'>se:</span> <span class='ocrx_word' id='word_1_477' title='bbox 682 4041 730 4096; x_wconf 80' lang='lat' dir='ltr'>est</span> <span class='ocrx_word' id='word_1_478' title='bbox 745 4028 829 4095; x_wconf 74' lang='lat' dir='ltr'>enim</span> <span class='ocrx_word' id='word_1_479' title='bbox 847 4027 899 4092; x_wconf 77' lang='lat' dir='ltr'>lex</span> <span class='ocrx_word' id='word_1_480' title='bbox 912 4023 989 4087; x_wconf 84' lang='lat' dir='ltr'>nihil</span> <span class='ocrx_word' id='word_1_481' title='bbox 1008 4017 1094 4084; x_wconf 77' lang='lat' dir='ltr'>alud</span> <span class='ocrx_word' id='word_1_482' title='bbox 1112 4041 1172 4084; x_wconf 73' lang='lat' dir='ltr'>mss</span> 
     </span>
    </p>
   </div>
   <div class='ocr_carea' id='block_1_15' title="bbox 0 0 1369 4554">
    <p class='ocr_par' dir='ltr' id='par_1_18' title="bbox 0 0 1369 4554">
     <span class='ocr_line' id='line_1_50' title="bbox 0 0 1369 4554; baseline 0 0"><span class='ocrx_word' id='word_1_483' title='bbox 0 0 1369 4554; x_wconf 95' lang='lat' dir='ltr'> </span> 
     </span>
    </p>
   </div>
  </div>
 </body>
</html>
