2714 4554
526 313 777 370 FRAGMENTA.

149 433 236 502 Cum
252 456 331 502 vero
349 435 398 501 vis
416 445 464 501 est
482 435 653 502 vehemens
671 449 780 502 exorta
797 436 934 522 Nepai,

107 524 170 588 iate
187 521 263 588 fusa
279 522 383 587 volat:
401 523 436 586 ia
453 532 548 588 terras
568 523 681 588 labitur
698 525 790 595 uado,

112 608 264 756 Oriorrhqut
280 619 362 672 metu
374 609 533 692 perculsus
551 610 689 672 conditur
705 631 778 671 aaa.

104 714 180 779 paca
217 695 287 757 uiua
306 693 394 758 Notat
409 714 532 756 caueam
548 694 724 778 replicatae
742 695 868 766 timoris,

109 780 204 864 sirpo,
223 788 292 842 tua:
308 777 386 841 mitt
402 797 511 862 quaeso
528 781 596 841 vent
607 778 744 862 placato,
762 777 881 842 Diana.
1162 795 1203 836 ero

110 863 181 928 lucc
190 862 285 948 fama
302 874 345 927 eat
362 862 527 937 homiuum,
546 863 617 926 boec
633 884 691 947 per
708 872 808 926 terras
826 860 913 926 fama
930 872 1079 948 vagatur:

111 959 145 1012 ut
162 947 327 1032 quondam
345 943 448 1012 Orion
465 946 613 1012 manibus
631 948 765 1012 violasse
784 945 923 1011 Dianam
1149 951 1202 1008 420

112 1032 236 1109 dicitur,
254 1030 388 1099 excelsis
407 1053 514 1097 errans
532 1032 566 1096 in
583 1031 717 1096 collibus
735 1054 855 1107 amens,

111 1138 191 1202 quos
208 1127 296 1182 tenet
313 1116 447 1202 Aegaeo
464 1117 569 1182 defixa
586 1117 619 1182 in
637 1118 764 1202 gurgite
783 1114 894 1192 Chius,

111 1200 273 1268 Bacchica
289 1222 386 1285 quam
403 1201 496 1266 viridi
515 1202 669 1268 convestit
687 1202 827 1288 tegmine
844 1201 927 1266 vitis.

110 1287 163 1352 ille
180 1286 266 1352 feras
284 1307 414 1353 vaecors
433 1287 551 1352 amenti
569 1287 664 1352 corde
681 1287 827 1362 necabat,

112 1371 312 1457 Oenopionis
330 1393 427 1437 avens
446 1394 463 1436 e
487 1373 556 1437 ulae
574 1393 688 1436 ornare
704 1372 844 1436 nitentis.

112 1469 144 1522 at
160 1477 249 1534 vero,
267 1455 404 1543 pedibus
420 1392 526 1522 sclito
543 1479 696 1543 percussa
711 1456 850 1532 Dianae,

110 1543 217 1608 insula
233 1541 378 1608 discessit
395 1542 590 1625 disiectaque
607 1564 685 1606 saxa
701 1542 857 1606 revellens

111 1627 248 1713 perculit
265 1637 298 1692 et
315 1648 424 1692 caecas
441 1628 589 1691 lustravit
604 1628 676 1692 luce
693 1629 838 1692 lacunas:

112 1713 266 1796 equibus
282 1711 316 1777 iu
341 1712 405 1777 enti
423 1712 545 1778 exsistit
563 1733 637 1776 cum
655 1733 785 1797 corpore
802 1732 881 1796 prae
898 1733 932 1775 se

114 1796 265 1884 Scorpios
281 1734 417 1862 iniectus
433 1808 640 1884 praeportans
657 1798 762 1862 flebile
781 1817 925 1861 acumen.

112 1883 166 1949 hic
182 1883 289 1948 valido
308 1881 422 1967 cupide
439 1893 609 1947 venantem
626 1883 761 1968 perculit
776 1882 853 1958 ictu,

113 1967 313 2034 mortiferum
329 1967 363 2031 in
381 1989 479 2032 venas
496 1967 633 2032 fundens
650 1989 708 2052 per
725 1967 855 2032 volnera
872 1965 972 2030 virus:

114 2054 166 2119 ille
183 2052 276 2139 gravi
292 2053 430 2117 moriens
449 2054 622 2117 constravit
639 2074 770 2138 corpore
788 2063 914 2117 terram.

115 2160 178 2222 qua
193 2162 230 2204 re
249 2160 321 2202 cum
339 2138 463 2223 magnis
474 2160 551 2203 sese
568 2137 661 2222 Nepa
678 2138 804 2202 lucibus
822 2135 923 2212 effert,

116 2223 218 2289 Orion
236 2223 364 2309 fugiens
382 2223 582 2288 commendat
599 2244 731 2307 corpora
749 2222 849 2288 terris.

9 2327 11 2388 ζ
116 2322 183 2374 tum
201 2331 278 2374 vero
296 2307 381 2394 fugit
396 2308 605 2373 Andromeda
623 2319 655 2372 et
671 2307 835 2392 Neptunia
851 2305 970 2370 Pistrix

9 2389 10 2430 ³
115 2405 182 2460 tota
197 2393 290 2460 latet:
309 2393 391 2458 cedit
409 2414 562 2458 converso
580 2414 711 2477 corpore
730 2389 890 2475 Cepheus,

116 2490 274 2545 extremas
292 2479 396 2544 medio
414 2478 601 2563 contingens
619 2499 751 2560 corpore
769 2487 878 2539 terras.

116 2564 167 2628 hic
186 2575 284 2649 caput
301 2574 333 2628 et
350 2585 482 2649 superas
499 2563 583 2648 potis
601 2574 649 2626 est
668 2562 852 2644 demergere
871 2558 982 2707 partis:

115 2649 220 2714 infera
236 2649 417 2713 lumborum
435 2669 611 2730 numquam
629 2645 803 2710 convestiet
819 2666 873 2707 um
898 2666 943 2707 ra.

115 2757 192 2799 narn
208 2733 346 2798 retinent
363 2734 492 2810 Arctoe,
511 2734 681 2798 lustrantes
698 2729 817 2794 lumine
835 2749 935 2794 suras.

116 2819 235 2884 labitur
252 2818 307 2883 illa
324 2819 428 2896 simul,
446 2832 576 2904 gnatam
592 2817 761 2881 lacrimosa
777 2813 951 2897 requirens,

118 2902 296 2989 Cassiepia,
313 2924 418 2986 neque
437 2925 477 2968 ex
494 2903 582 2967 caelo
600 2901 734 2986 depulsa
751 2899 863 2964 decore

115 2989 232 3054 fertur:
251 3009 326 3052 nam
344 3010 436 3054 verso
454 2988 640 3072 contingens
658 2985 776 3051 vertice
793 2985 931 3070 primum

116 3086 228 3150 terras,
247 3082 321 3158 post
336 3073 454 3138 umeris
473 3095 583 3139 eversa
601 3071 676 3136 sede
692 3071 838 3135 refertur.

116 3159 201 3224 hano
218 3158 265 3222 illi
283 3159 426 3223 tribuunt
442 3178 579 3244 poenam
595 3156 749 3222 Nereides
767 3156 880 3231 almae,

9 3297 11 3322 ,
117 3267 192 3310 cum
211 3243 339 3328 quibus,
358 3253 395 3307 ut
411 3242 588 3328 perhibent,
607 3265 685 3306 ausa
702 3252 751 3306 est
768 3239 957 3305 contendere
976 3237 1089 3302 forma.

9 3329 11 3336 '
115 3329 198 3394 haec
216 3327 285 3394 obit
301 3327 464 3393 inclinata:
484 3338 518 3392 at
533 3349 608 3412 pars
626 3336 736 3390 exorta
755 3321 901 3390 Coronae
920 3334 968 3389 est

116 3413 229 3489 altera,
247 3434 321 3478 eum
339 3412 504 3496 caudaque
522 3412 623 3476 omnis
641 3411 705 3474 iam
722 3410 871 3495 panditur
888 3409 1013 3495 Hydra.

116 3510 152 3564 at
167 3508 269 3583 caput
286 3508 318 3562 et
334 3509 437 3562 totum
455 3519 523 3562 sese
542 3494 723 3560 Centaurus
740 3495 848 3580 opacis

116 3582 213 3668 eripit
230 3606 249 3649 e
267 3581 416 3661 tenebris,
433 3581 580 3665 linquens
597 3580 733 3665 vestigia
749 3601 849 3666 parva

116 3667 316 3753 antepedum
333 3678 486 3743 contecta,
505 3666 599 3732 simul
617 3687 690 3730 oum
707 3665 827 3730 lumine
844 3664 955 3750 pandit

116 3753 187 3838 ipse
205 3752 309 3818 leram
327 3753 437 3819 dextra
453 3751 602 3828 retinens,
620 3753 674 3816 red
689 3762 784 3816 catera
800 3753 906 3836 meyri

117 3850 294 3926 cerpectm
310 3841 409 3904 Areua
427 3849 535 3902 ortum.
580 3835 754 3922 prolabitur
770 3835 845 3901 inde

117 3923 347 4009 Anguitenens
365 3922 467 4008 capite
486 3932 518 3988 et
535 3921 697 3986 manibus:
715 3922 836 4005 profert
854 3919 947 3985 simul
965 3917 1093 4003 Anguis

117 4007 185 4072 iam
204 4018 351 4093 caputet
368 4029 527 4072 summum
544 4007 626 4072 flexo
645 4006 685 4070 de
702 4026 833 4090 corpore
849 4005 968 4069 lumen.

162 4093 231 4159 Hic
248 4092 303 4158 ille
319 4091 458 4157 exoritur
476 4112 627 4157 converso
645 4111 775 4174 corpore
792 4089 905 4167 Nixus,
