2714 4554
142 269 206 337 158
483 279 523 334 Μ.
543 277 679 337 TULLII
698 275 897 334 CICERONIS

210 403 347 482 evolare,
365 404 551 490 pracsertim
580 403 636 487 qui
653 401 732 467 illud
750 401 885 487 impium
902 400 1086 468 incendium
1103 401 1247 488 perdito·

209 521 282 565 rum
295 497 461 564 hominum
477 497 616 564 lacrimis
634 498 740 583 potius
753 497 833 561 meis
846 516 945 579 quarn
963 506 1070 561 vestro
1085 496 1246 582 sanguine

210 592 367 679 restingui
380 593 489 658 malui.
517 613 623 677 neque
633 593 717 658 enirn
727 611 789 676 ego
802 601 877 676 peto
890 602 928 656 ιιι
941 589 1020 655 mihi
1037 589 1119 656 detis
1133 592 1246 665 vitam,
1346 655 1347 672 ἶ

212 688 269 754 sed
286 688 394 754 datam
412 699 538 773 repet0,
562 698 598 753 ut
616 686 771 763 reddatis3
799 684 827 751 si
844 684 1034 752 meministis
1053 684 1142 769 quod
1158 685 1248 762 dedi,
1346 689 1347 698 ’

211 804 276 846 ιιοιι
294 781 492 847 debetist
436 779 492 868 [ist
492 778 534 866 is]
556 781 715 857 oblivisci,
740 779 915 846 retribuere
938 779 1025 890 quod
1044 779 1209 845 debuistis.

176 872 196 924 4
276 875 361 952 Vos,
388 897 445 940 vos
472 875 629 953 obtestor‘,
656 875 689 939 di
714 874 925 951 immortales,
951 874 1007 958 qui
1033 895 1125 940 meac
1146 874 1247 940 menti
1347 870 1348 942 l

182 941 553 1054 ⁹luminapraetulist1s,
571 987 645 1034 cum
660 989 851 1035 consensum
865 966 1001 1033 exstinxi
1018 967 1248 1032 coniurationis

214 1083 384 1146 arcemque
406 1064 495 1128 urbis
518 1063 560 1129 ab
581 1062 786 1130 incendiato
808 1063 938 1127 flamma
959 1061 1092 1128 liberavi
1111 1061 1248 1126 liberos-

214 1178 277 1241 que
296 1168 417 1223 vestros
435 1181 455 1223 a
472 1158 594 1244 gremio
613 1169 645 1223 et
662 1158 831 1242 complexu
848 1168 986 1222 matrum
1005 1157 1047 1221 ad
1064 1155 1194 1222 caedem
1211 1167 1246 1220 et

214 1273 360 1317 cruorem
385 1273 450 1317 non
477 1275 549 1318 sum
575 1273 689 1339 passus
716 1250 868 1316 abstrahi.
917 1273 997 1315 num
1020 1251 1119 1336 igitur
1139 1259 1248 1336 potest

213 1345 283 1412 fieri
300 1370 320 1411 a
338 1347 507 1413 clientibus
529 1359 566 1412 ut
589 1347 736 1433 recipiar,
765 1368 838 1411 cum
856 1369 876 1410 a
898 1344 1015 1430 quibus
1039 1344 1174 1410 debeam
1195 1365 1251 1409 re·
1348 1387 1349 1430 q

213 1440 307 1506 tineri
328 1441 460 1509 reiicere
481 1441 668 1507 instituant?
711 1439 789 1506 socii
806 1461 871 1525 quo
889 1440 1029 1526 fugient,
1047 1459 1121 1505 cum
1140 1437 1249 1503 aditus
1348 1449 1349 1506 ἰ

215 1534 340 1600 custodi
366 1536 487 1620 patriae
514 1536 699 1622 praeclusus
726 1535 786 1600 sit?
817 1555 882 1619 quo
909 1534 1005 1600 modo
1032 1555 1106 1619 spes
1134 1532 1248 1598 solutis

213 1629 344 1712 reliquis
366 1630 532 1708 residebit,
560 1653 634 1696 cum
657 1629 781 1695 civibus
804 1629 972 1716 praeclusa
989 1628 1032 1694 sit
1049 1628 1250 1714 exspectatio

212 1723 459 1789 incolumitatis?
485 1747 549 1810 pax
567 1737 599 1790 et
616 1723 787 1791 concordia
803 1725 963 1790 extraneis
986 1724 1152 1810 gignetur,
1171 1743 1249 1788 curn

212 1815 277 1880 iarn
300 1815 479 1883 domesticis
503 1839 568 1882 non
591 1819 743 1895 insideat,
766 1818 823 1884 sed
841 1818 969 1904 publice
988 1815 1168 1904 providenti
1185 1817 1250 1881 eri·

170 1932 196 1972 ιο
212 1910 338 2018 piatur?
364 1933 439 1976 nom
465 1912 543 1995 quid
566 1933 627 2004 ego
649 1911 869 1998 improborum
891 1912 978 1978 facto
999 1933 1152 1978 renovem
1173 1929 1248 1974 ora-

212 2003 313 2080 tione,
336 2015 373 2068 ut
395 2005 623 2092 redintegratio
640 2005 726 2072 illius
745 2006 972 2073 coniurationis
990 2007 1114 2071 animos
1131 2005 1248 2069 vulne·

212 2108 261 2162 ret
279 2099 423 2165 vestros?
445 2100 599 2166 auxilium
617 2097 660 2166 ab
678 2101 791 2167 alienis
809 2101 1043 2187 efflagitabitis‚
1066 2121 1140 2166 cnm
1159 2098 1248 2164 cives

211 2201 334 2258 vestros
356 2192 528 2260 deseratis?
555 2196 714 2261 sociorum
736 2196 883 2262 invocem
906 2195 1099 2272 subsidium,
1127 2215 1201 2260 cum
1226 2217 1249 2259 a

212 2286 336 2353 civibus
354 2287 561 2354 interclusum
583 2290 623 2355 sit
640 2290 855 2376 praesidium?
878 2311 977 2374 quarn
994 2291 1098 2356 colere
1114 2298 1248 2376 gentem
1351 2335 1352 2368 ,

211 2402 277 2446 non
294 2382 435 2448 institui?
452 2396 560 2450 utrum
582 2398 689 2450 custos
707 2385 846 2472 accipiar
864 2407 905 2450 an
923 2395 960 2450 ιιι
976 2384 1120 2470 proditor
1136 2383 1250 2449 exclu-
1351 2399 1352 2416 ¹

212 2474 289 2540 dar?
315 2477 397 2543 siut
418 2492 638 2557 conservator,
661 2492 768 2546 vestra
790 2480 850 2545 erit
871 2479 1061 2566 ignominia3
1089 2478 1117 2544 si
1134 2490 1171 2544 ut
1188 2501 1250 2564 op-

211 2581 382 2656 pugnator,
400 2575 545 2659 praecisa
564 2585 657 2640 crunt
675 2574 790 2640 omnia.
817 2575 926 2657 itaque
941 2574 1030 2658 quod
1046 2572 1159 2660 putavi
1175 2573 1248 2638 fore

170 2689 194 2728 11
212 2665 378 2749 gaudium,
395 2667 430 2731 id
448 2669 568 2734 exstitit
585 2669 691 2734 exitio.
719 2668 757 2746 si,
776 2667 935 2750 Quirites,
954 2667 1091 2733 eundem
1108 2668 1143 2732 in
1160 2678 1249 2734 cete·

211 2778 319 2822 rorum
338 2760 487 2842 periculis
510 2763 702 2828 haberemus
720 2762 862 2827 animum
881 2783 978 2847 quem
995 2763 1030 2827 in
1041 2757 1164 2828 ¹nostris
1182 2763 1248 2826 dif-

212 2849 422 2928 ficultatibus,
441 2865 473 2920 et
490 2877 548 2941 pro
566 2855 825 2922 innocentissimo
843 2877 972 2940 quoque
990 2877 1194 2942 propugnare
1213 2867 1249 2922 et

212 2945 474 3013 nocentissimum
505 2969 666 3034 quemque
695 2973 884 3036 oppugnare
915 2951 1008 3016 nobis
1039 2950 1247 3016 utilissimum

214 3041 283 3106 esse
306 3040 546 3123 arbitraremur,
574 3044 651 3110 etsi
673 3067 746 3111 curn
765 3046 877 3132 optimi
894 3047 1051 3130 cuiusque
1072 3045 1169 3112 rebus
1188 3047 1248 3112 ad-

213 3135 314 3201 versis
331 3148 472 3203 nostram
490 3140 637 3216 salutem,
655 3161 730 3205 cnm
744 3140 986 3206 deterrimorum
1005 3150 1113 3207 autem
1130 3162 1246 3207 secun-

103 3267 105 3270 ·
214 3229 263 3294 dis
289 3241 399 3297 nostra
420 3233 563 3318 pericula
583 3245 734 3321 putemus
753 3235 936 3315 coniuncta,
964 3235 1147 3320 frequentes
1170 3257 1247 3322 pro-

213 3323 297 3389 fecto
315 3326 432 3390 talibus
455 3327 576 3394 conatis
595 3329 636 3393 ob
658 3329 745 3394 viam
762 3329 809 3396 ire
826 3330 981 3408 nitamur,
1005 3351 1111 3416 neque
1128 3332 1248 3416 partim
1351 3367 1352 3414 j

104 3456 106 3460 ,
213 3417 394 3484 innocentia
415 3419 503 3500 freti,
531 3423 648 3509 partim
670 3424 836 3490 nobilitate
853 3423 935 3501 nixi,
963 3425 1081 3511 partim
1101 3427 1247 3510 potentia
1350 3415 1352 3488 ζ

116 3520 120 3558 ⁷
214 3532 252 3576 ac
273 3513 476 3583 multitudine
499 3518 675 3585 amicorum
696 3518 785 3596 fulti,
812 3541 886 3585 cum
912 3520 1065 3606 perfacile
1083 3519 1248 3586 existime-
1346 3521 1351 3530 '

213 3628 286 3672 mus
317 3608 572 3678 adversariorum
602 3614 668 3678 vim
694 3635 732 3678 ac
764 3614 937 3681 factionem
963 3637 984 3680 a
1009 3614 1102 3680 nobis
1133 3614 1247 3701 repelli

72 3722 83 3786 j
114 3729 117 3792 j
213 3721 323 3788 posse,
350 3704 456 3771 subito
477 3707 540 3793 ipsi
562 3707 657 3773 simili
674 3707 1058 3820 periculocircumventi,
1084 3710 1119 3775 in
1135 3721 1247 3776 nostro

101 3797 104 3801 ’
215 3809 333 3865 eventu
354 3799 490 3866 aliorum
511 3801 749 3869 reminiscentes
773 3826 882 3882 casus,
908 3804 977 3870 iure
995 3804 1029 3869 id
1050 3804 1144 3871 nobis
1161 3806 1248 3871 acci-

179 3884 197 3938 5
184 3893 290 3995 dere
308 3894 525 3981 nequidquam
539 3918 719 3982 queremur.
747 3898 820 4010 quis
833 3910 882 3964 est
895 3899 991 3978 enim,
1006 3899 1159 3982 Quirites,
1178 3901 1248 3984 qui,

171 3956 289 4056 ¹²curn
306 3989 508 4058 inimicorum
527 4003 707 4060 nostrorum
726 3993 793 4060 vim
810 4015 848 4060 ac
865 3992 1049 4062 violentiam
1063 3995 1248 4084 perspiciat,

216 4106 354 4170 cumque
379 4097 524 4153 nostrum
551 4088 855 4174 periculosissimum
884 4111 993 4157 casum
1025 4103 1249 4178 recognoscat,
