2674 4558
528 265 779 322 FRAGMENTA.
1165 258 1205 321 19

39 415 45 430 .
146 384 264 442 Cimbris
280 384 383 438 iniussu
399 385 494 454 populi
505 387 628 454 pessime,
650 389 726 457 idque
742 388 903 509 principium
920 389 1001 456 fcisse
1018 391 1204 457 calamitatum,

144 472 212 526 quas
229 471 261 506 eo
280 454 347 507 lello
361 457 476 523 popalus
492 455 640 522 accepisset,
658 473 690 509 ac
706 458 736 509 ds
753 473 782 509 eo
800 465 827 510 ta
844 460 923 511 ellam
957 476 1040 528 noque
1058 461 1141 526 declit,·
1161 463 1207 513 sed

139 523 298 592 plenissime
314 523 424 576 Silanus
442 523 576 576 absolutas
593 533 645 590 est,·
660 542 723 577 nam
740 527 806 578 dune
817 527 890 580 solae
907 476 988 580 trtius
1007 544 1063 580 eum
1075 529 1170 597 Scryia
1182 537 1205 582 et

147 592 264 653 Quirina
275 591 475 644 damnaverunt.

159 679 190 743 7.
215 679 298 744 haec
316 691 365 744 est
383 683 597 747 controversia
622 681 810 760 eiusmodi,
833 693 869 748 ut
887 683 965 747 mihi
1059 683 1205 748 tribunus

96 765 137 850 pl.
149 761 213 829 Cn.
225 765 404 843 Domitius,
425 763 541 830 Catulo
561 814 585 830 ..
604 767 653 831 M.
663 767 833 854 Terpolius
853 797 878 832 ..⁴
898 769 1202 854 contemptissimum

96 872 213 914 nomen
234 851 372 916 electum
394 849 491 938 [esse]
513 853 628 928 exeis,
647 853 701 936 qui
720 854 839 918 tribuni
858 854 901 938 pl.
919 855 1060 920 fuerunt.

200 951 220 989 ὕ
233 961 298 1020 post
313 953 458 1020 infractam
474 955 639 1008 tribuniciam
651 965 806 1024 potestatem
819 972 837 1009 α
848 957 936 1025 Sylla,
955 965 1015 1022 ante
1031 957 1174 1010 restitutam
1187 971 1205 1008 a

150 1023 198 1075 C‘n.
212 1022 348 1090 Pompeio,
361 1031 499 1092 apparetp

159 1107 191 1173 8.
216 1117 352 1184 quantum
373 1115 409 1168 sit
430 1121 497 1186 apta
513 1117 619 1186 dicere,
642 1117 762 1187 experiri
777 1117 857 1187 licet,
878 1118 903 1172 si
920 1117 1065 1188 compositi
1088 1117 1204 1172 oratoris

97 1191 166 1246 bene
178 1195 317 1246 structam
328 1192 546 1248 conlocationem
559 1193 693 1248 dissolvas
704 1195 908 1266 permutatione
919 1195 1067 1250 verborum
1076 1213 1126 1262 -3
1145 1209 1202 1247 cor-

13 1265 17 1272 '
97 1264 241 1330 rumpatur
259 1259 332 1313 enim
348 1264 407 1314 tota
423 1277 481 1330 res,
497 1266 530 1315 ut
546 1261 661 1317 ethaeo
677 1267 772 1318 nostra
786 1263 817 1316 in
834 1261 999 1316 Corneliana
1021 1268 1049 1316 et
1070 1262 1202 1332 deinceps

99 1336 201 1389 omnia:
213 1350 321 1413 neque
339 1353 391 1396 me
410 1332 538 1397 divitiae
557 1344 703 1410 movent,
722 1333 840 1417 quibus
859 1334 960 1397 omnis
979 1333 1151 1396 Africanos
1170 1349 1202 1396 et

98 1415 228 1482 Laelios
252 1416 346 1481 multi
368 1419 515 1482 venalicii
538 1429 794 1502 mercatoresque
813 1429 1017 1505 superarunt,
1036 1414 1201 1500 —ireque

98 1501 194 1566 vestis
214 1512 271 1564 aut
289 1503 448 1568 caelatum
466 1527 580 1568 aurum
599 1515 631 1568 et
649 1515 833 1590 argentum,
852 1526 915 1589 quo
933 1513 1058 1568 nostros
1077 1514 1201 1567 veteres

98 1587 272 1651 Marcellos
294 1587 523 1673 Maximosque
546 1590 638 1654 multi
661 1590 800 1654 eunuchi
825 1613 841 1656 e
866 1589 961 1674 Syria
982 1589 1201 1674 Aegyptoque

98 1672 257 1748 vicerunt3
285 1694 391 1757 neque
417 1696 494 1738 vero
523 1685 710 1740 ornamenta
736 1675 799 1739 ista
829 1676 987 1750 villarum,
1016 1673 1133 1758 quibus
1159 1673 1200 1736 L.

97 1757 250 1822 Paullum
274 1768 306 1822 et
322 1758 363 1822 L.
382 1759 593 1837 Mummium,
616 1761 672 1844 qui
695 1761 793 1826 rebus
811 1761 860 1825 his
879 1761 991 1825 urbem
1010 1759 1201 1841 Italiamque

98 1865 224 1907 omnem
247 1843 455 1922 referserunt,
483 1845 525 1910 ab
552 1847 659 1928 aliquo
687 1847 780 1910 video
808 1845 961 1932 perfacile
983 1844 1118 1910 Deliaco
1146 1855 1202 1908 aut

99 1927 179 2014 Syro
198 1929 343 2012 potuisse
362 1931 514 2016 superari.
547 1934 1200 2006 (timoratam,sf.Quint.1X‚4,14.Non.

97 2028 120 2065 v.
131 2010 266 2066 venalicii
277 2029 305 2082 p.
319 2013 378 2067 188.
507 2035 516 2048 ·

158 2091 190 2156 9.
215 2091 287 2174 quis
305 2103 371 2156 tam
389 2093 556 2158 abundans
576 2093 684 2179 copim.
719 2100 826 2154 Prisc.
838 2095 1200 2168 XVI11,2,19.A1·us.2oa

98 2267 123 2320 A
159 2186 258 2323 maii
277 2187 304 2251 si
319 2209 375 2252 vos
389 2188 483 2252 huius
499 2189 643 2253 fortunas
665 2210 840 2273 paucorum
850 2189 923 2253 odio
934 2185 1200 2252 adiudieaveritis.

126 2284 191 2322 rus.
260 2309 266 2322 .

160 2348 212 2411 10.
227 2347 260 2410 b.
287 2347 386 2414 satius
401 2349 571 2417 ¹hominem
593 2351 745 2415 miserum
770 2360 866 2433 atque
892 2350 1094 2412 innocentem
1121 2345 1200 2430 eripi

99 2431 301 2517 reipublicae,
320 2435 436 2519 expelli
453 2437 566 2519 patria,
585 2436 692 2501 divelli
710 2458 730 2498 a
748 2435 824 2498 suis.
842 2439 886 2493 ib.
899 2439 958 2492 227.

160 2527 213 2590 11.
228 2584 229 2588 ,
242 2525 283 2590 ad
305 2527 519 2593 miserrimum
547 2527 866 2609 crudelissimumque
894 2524 1095 2589 dominatum
1127 2522 1200 2587 dedi

97 2611 272 2696 patiamini.
307 2617 352 2674 ib.
365 2619 425 2673 224.

161 2705 213 2769 12.
237 2727 335 2790 quam
353 2706 522 2792 diligentes
540 2707 697 2773 libertatis
712 2727 769 2770 vos
784 2697 929 2790 oporteat
944 2724 1022 2768 esse.
1046 2707 1090 2762 ib.
1104 2707 1164 2762 226.

160 2800 214 2863 13.
238 2799 294 2881 qui
320 2801 495 2879 commodis
521 2801 633 2886 populi
662 2799 801 2864 Romani
827 2798 938 2884 lingua
968 2796 1135 2862 dumtaxat
1162 2819 1200 2862 ac

96 2886 261 2950 voluntate
279 2887 425 2950 consrilit.
470 2890 515 2946 ib.
528 2893 588 2945 226.

161 2970 214 3034 14.
238 2971 410 3055 expelleret
428 2995 448 3035 a
465 2971 733 3055 dispensantibus.
780 2975 824 3030 ib.
837 2975 897 3030 227.

96 3113 117 3203 b
161 3055 205 3204 l?
216 3056 249 3119 b.
274 3056 351 3138 quid
376 3079 429 3120 me
456 3057 543 3141 apud
570 3057 693 3140 equites
719 3056 883 3120 Romanos
910 3051 1087 3118 offendisse
1114 3050 1199 3113 dice·

118 3151 173 3206 ant
236 3145 281 3201 ib.
294 3147 354 3201 251.
1158 3151 1165 3158 ’

161 3223 214 3290 15.
237 3249 278 3291 ne
291 3225 397 3290 fraudi
412 3226 452 3290 sit
467 3227 506 3303 ei,
520 3227 575 3308 qui
588 3227 744 3312 populum
758 3225 799 3288 ad
814 3223 1051 3288 contentionem
1065 3219 1197 3284 vocarit.

99 3306 188 3362 Serv.
201 3309 240 3362 ad
250 3309 336 3380 Verg.
349 3308 421 3363 Aen.
434 3309 488 3378 XI,
501 3310 561 3364 708.
963 3345 966 3348 <
1157 3333 1162 3341 ·

162 3379 215 3443 16.
237 3388 270 3438 ut
279 3384 474 3440 insinuationis
487 3385 613 3457 exempla
624 3384 709 3440 etiam
721 3385 756 3438 de
769 3381 902 3438 Cicerone
918 3397 1066 3452 ponamus,
1081 3395 1145 3434 eece
1157 3379 1199 3432 in.

97 3469 254 3526 sinuatione
264 3487 330 3524 usus
343 3475 386 3525 est
400 3487 452 3542 per
468 3469 659 3526 circuitionem
673 3469 704 3523 in
716 3466 893 3523 Corneliana:
917 3460 944 3524 si
961 3481 1116 3544 umquam
1134 3460 1200 3523 ulla

97 3549 157 3613 luit
174 3571 283 3627 causa,
300 3550 433 3626 iudices,
451 3555 481 3610 in
493 3571 549 3626 qua
561 3554 641 3609 initio
654 3553 766 3610 dicendi
777 3551 857 3606 finnt
869 3567 898 3604 se
910 3567 928 3604 a
940 3550 995 3605 diis
1006 3555 1112 3622 petere,
1126 3549 1200 3620 quod

98 3648 114 3685 a
124 3631 267 3687 iudicibus
277 3633 446 3704 postulabat,
460 3636 489 3687 et
500 3633 636 3703 quomodo
648 3631 719 3686 illud
730 3628 924 3700 Vergilianum
936 3630 1039 3698 ‘neque
1053 3643 1098 3682 mc
1110 3627 1200 3696 Argo-

98 3708 151 3762 lica
167 3708 204 3763 de
220 3712 305 3780 geute
321 3708 450 3781 negabo,'
468 3707 509 3762 sie
526 3713 554 3763 et
569 3708 623 3764 hie.
651 3725 727 3779 nam
757 3702 860 3786 primo
888 3699 1031 3764 omnium
1058 3709 1200 3780 tempore

99 3787 304 3852 infestissimo
323 3811 453 3854 eausam
472 3789 616 3854 dicimus.
634 3825 670 3835 -
680 3793 710 3846 in
720 3791 886 3847 Corneliana
898 3789 1059 3845 monitione
1071 3803 1136 3840 usus
1149 3789 1199 3852 est,

101 3871 243 3994 ffiafjarat
254 3869 377 3926 Cornelii
391 3888 509 3942 persona
524 3870 765 3926 vehementissime
781 3869 894 3924 offensa.
932 3864 1030 3922 Grill.
1049 3864 1092 3918 ed.
1105 3861 1198 3916 Halm.

150 3980 215 4075 ’11.
238 4022 375 4073 restat-
389 4022 421 4071 ut
436 4015 642 4088 praetermittas
659 4015 813 4082 exordium,
838 4013 912 4083 quod
933 4010 1017 4064 etiam
1037 4005 1147 4060 Tullius
1169 3985 1200 4060 in

101 4094 188 4160 primo
198 4095 272 4150 libro
283 4092 506 4164 Philippicarum
521 4091 604 4162 fecit3
618 4109 684 4146 nam
701 4089 801 4146 omisso
817 4087 1035 4224 principiqtcum
1050 4099 1200 4154 praepara-
