<?xml version="1.0" encoding="UTF-8"?>
<!DOCTYPE html PUBLIC "-//W3C//DTD XHTML 1.0 Transitional//EN"
    "http://www.w3.org/TR/xhtml1/DTD/xhtml1-transitional.dtd">
<html xmlns="http://www.w3.org/1999/xhtml" xml:lang="en" lang="en">
 <head>
  <title>
</title>
<meta http-equiv="Content-Type" content="text/html;charset=utf-8" />
  <meta name='ocr-system' content='tesseract 3.04.00' />
  <meta name='ocr-capabilities' content='ocr_page ocr_carea ocr_par ocr_line ocrx_word'/>
</head>
<body>
  <div class='ocr_page' id='page_1' title='image "./mtulliiciceroni95cicegoog/mtulliiciceroni95cicegoog_0057.png"; bbox 0 0 2674 4558; ppageno 0'>
   <div class='ocr_carea' id='block_1_1' title="bbox 477 287 1154 358">
    <p class='ocr_par' dir='ltr' id='par_1_1' title="bbox 477 287 1154 358">
     <span class='ocr_line' id='line_1_1' title="bbox 477 287 1154 358; baseline 0 -6"><span class='ocrx_word' id='word_1_1' title='bbox 477 296 729 358; x_wconf 76' lang='lat' dir='ltr'><strong>FRAGMENTA.</strong></span> <span class='ocrx_word' id='word_1_2' title='bbox 1112 287 1154 353; x_wconf 87' lang='lat'>41</span> 
     </span>
    </p>
   </div>
   <div class='ocr_carea' id='block_1_2' title="bbox 83 421 1159 756">
    <p class='ocr_par' dir='ltr' id='par_1_2' title="bbox 83 421 1157 679">
     <span class='ocr_line' id='line_1_2' title="bbox 132 421 1157 498; baseline -0.002 -12"><span class='ocrx_word' id='word_1_3' title='bbox 132 421 158 486; x_wconf 83' lang='lat'><strong>4.</strong></span> <span class='ocrx_word' id='word_1_4' title='bbox 178 441 347 498; x_wconf 85' lang='lat' dir='ltr'>comparare,</span> <span class='ocrx_word' id='word_1_5' title='bbox 360 427 525 498; x_wconf 86' lang='lat' dir='ltr'>adaequare.</span> <span class='ocrx_word' id='word_1_6' title='bbox 548 427 587 484; x_wconf 88' lang='lat' dir='ltr'>M.</span> <span class='ocrx_word' id='word_1_7' title='bbox 597 428 709 484; x_wconf 86' lang='lat' dir='ltr'>Tullius</span> <span class='ocrx_word' id='word_1_8' title='bbox 721 427 759 482; x_wconf 88' lang='lat' dir='ltr'>ad</span> <span class='ocrx_word' id='word_1_9' title='bbox 771 424 920 484; x_wconf 74' lang='lat' dir='ltr'>Caesarem</span> <span class='ocrx_word' id='word_1_10' title='bbox 930 427 1065 485; x_wconf 90' lang='lat' dir='ltr'>iuniorem</span> <span class='ocrx_word' id='word_1_11' title='bbox 1073 429 1157 484; x_wconf 88' lang='lat' dir='ltr'>lib.I:</span> 
     </span>
     <span class='ocr_line' id='line_1_3' title="bbox 84 506 1156 595; baseline 0.001 -22"><span class='ocrx_word' id='word_1_12' title='bbox 84 507 218 573; x_wconf 88' lang='lat' dir='ltr'>neminem</span> <span class='ocrx_word' id='word_1_13' title='bbox 235 506 295 571; x_wconf 87' lang='lat' dir='ltr'>tibi</span> <span class='ocrx_word' id='word_1_14' title='bbox 312 507 456 595; x_wconf 81' lang='lat' dir='ltr'>profecto</span> <span class='ocrx_word' id='word_1_15' title='bbox 473 508 637 574; x_wconf 89' lang='lat' dir='ltr'>hominem</span> <span class='ocrx_word' id='word_1_16' title='bbox 656 530 696 574; x_wconf 86' lang='lat' dir='ltr'>ex</span> <span class='ocrx_word' id='word_1_17' title='bbox 715 508 864 575; x_wconf 88' lang='lat' dir='ltr'>omnibus</span> <span class='ocrx_word' id='word_1_18' title='bbox 883 520 939 574; x_wconf 89' lang='lat' dir='ltr'>aut</span> <span class='ocrx_word' id='word_1_19' title='bbox 956 509 1156 595; x_wconf 88' lang='lat' dir='ltr'>anteposuis-</span> 
     </span>
     <span class='ocr_line' id='line_1_4' title="bbox 83 593 1052 679; baseline -0.003 -22"><span class='ocrx_word' id='word_1_20' title='bbox 83 615 133 658; x_wconf 85' lang='lat' dir='ltr'>sem</span> <span class='ocrx_word' id='word_1_21' title='bbox 147 611 295 676; x_wconf 86' lang='lat' dir='ltr'>umquam</span> <span class='ocrx_word' id='word_1_22' title='bbox 314 593 482 672; x_wconf 82' lang='lat' dir='ltr'>autetiam</span> <span class='ocrx_word' id='word_1_23' title='bbox 501 615 747 679; x_wconf 79' lang='lat' dir='ltr'><strong>comparassem.</strong></span> <span class='ocrx_word' id='word_1_24' title='bbox 765 599 895 657; x_wconf 84' lang='lat' dir='ltr'>Nonius</span> <span class='ocrx_word' id='word_1_25' title='bbox 905 618 935 674; x_wconf 90' lang='lat' dir='ltr'>p.</span> <span class='ocrx_word' id='word_1_26' title='bbox 947 600 1000 658; x_wconf 78' lang='lat'>255</span> <span class='ocrx_word' id='word_1_27' title='bbox 1011 617 1052 672; x_wconf 91' lang='lat' dir='ltr'>sq.</span> 
     </span>
    </p>

    <p class='ocr_par' dir='ltr' id='par_1_3' title="bbox 128 676 1159 756">
     <span class='ocr_line' id='line_1_5' title="bbox 128 676 1159 756; baseline -0.002 -14"><span class='ocrx_word' id='word_1_28' title='bbox 128 676 155 742; x_wconf 81' lang='lat'><strong>5.</strong></span> <span class='ocrx_word' id='word_1_29' title='bbox 175 682 324 753; x_wconf 85' lang='lat' dir='ltr'>conficere,</span> <span class='ocrx_word' id='word_1_30' title='bbox 341 683 480 756; x_wconf 80' lang='lat' dir='ltr'>colligere.</span> <span class='ocrx_word' id='word_1_31' title='bbox 516 683 555 740; x_wconf 87' lang='lat' dir='ltr'>M.</span> <span class='ocrx_word' id='word_1_32' title='bbox 569 685 680 740; x_wconf 85' lang='lat' dir='ltr'>Tullius</span> <span class='ocrx_word' id='word_1_33' title='bbox 692 686 734 742; x_wconf 73' lang='lat' dir='ltr'>,ad</span> <span class='ocrx_word' id='word_1_34' title='bbox 745 683 893 742; x_wconf 79' lang='lat' dir='ltr'>Caesarem</span> <span class='ocrx_word' id='word_1_35' title='bbox 912 685 1048 741; x_wconf 83' lang='lat' dir='ltr'>iuniorem</span> <span class='ocrx_word' id='word_1_36' title='bbox 1063 684 1112 739; x_wconf 90' lang='lat' dir='ltr'>lib.</span> <span class='ocrx_word' id='word_1_37' title='bbox 1129 685 1159 740; x_wconf 83' lang='lat' dir='ltr'>I:</span> 
     </span>
    </p>
   </div>
   <div class='ocr_carea' id='block_1_3' title="bbox 80 763 1158 918">
    <p class='ocr_par' dir='ltr' id='par_1_4' title="bbox 80 763 1158 918">
     <span class='ocr_line' id='line_1_6' title="bbox 80 763 1158 860; baseline 0.003 -32"><span class='ocrx_word' id='word_1_38' title='bbox 80 764 104 828; x_wconf 87' lang='lat' dir='ltr'>in</span> <span class='ocrx_word' id='word_1_39' title='bbox 117 763 248 848; x_wconf 85' lang='lat' dir='ltr'>singulas</span> <span class='ocrx_word' id='word_1_40' title='bbox 260 763 388 849; x_wconf 82' lang='lat' dir='ltr'>tegulas</span> <span class='ocrx_word' id='word_1_41' title='bbox 401 763 558 860; x_wconf 78' lang='lat' dir='ltr'>impositis</span> <span class='ocrx_word' id='word_1_42' title='bbox 573 765 727 832; x_wconf 79' lang='lat' dir='ltr'>sescentis</span> <span class='ocrx_word' id='word_1_43' title='bbox 742 765 913 832; x_wconf 78' lang='lat' dir='ltr'>sescenties</span> <span class='ocrx_word' id='word_1_44' title='bbox 926 765 1041 832; x_wconf 87' lang='lat' dir='ltr'>confici</span> <span class='ocrx_word' id='word_1_45' title='bbox 1053 786 1158 851; x_wconf 87' lang='lat' dir='ltr'>posse.</span> 
     </span>
     <span class='ocr_line' id='line_1_7' title="bbox 80 843 710 918; baseline 0.003 -18"><span class='ocrx_word' id='word_1_46' title='bbox 80 846 152 900; x_wconf 87' lang='lat' dir='ltr'>Idam</span> <span class='ocrx_word' id='word_1_47' title='bbox 160 863 187 917; x_wconf 89' lang='lat' dir='ltr'>p.</span> <span class='ocrx_word' id='word_1_48' title='bbox 199 845 250 901; x_wconf 76' lang='lat'>268</span> <span class='ocrx_word' id='word_1_49' title='bbox 261 862 304 916; x_wconf 89' lang='lat' dir='ltr'>sq.</span> <span class='ocrx_word' id='word_1_50' title='bbox 341 844 446 901; x_wconf 88' lang='lat' dir='ltr'>of.D10</span> <span class='ocrx_word' id='word_1_51' title='bbox 459 845 534 902; x_wconf 79' lang='lat' dir='ltr'>Cass.</span> <span class='ocrx_word' id='word_1_52' title='bbox 546 843 653 918; x_wconf 85' lang='lat' dir='ltr'><strong>XLVI,</strong></span> <span class='ocrx_word' id='word_1_53' title='bbox 666 849 710 903; x_wconf 87' lang='lat'>31.</span> 
     </span>
    </p>
   </div>
   <div class='ocr_carea' id='block_1_4' title="bbox 70 916 1159 1602">
    <p class='ocr_par' dir='ltr' id='par_1_5' title="bbox 70 916 1159 1168">
     <span class='ocr_line' id='line_1_8' title="bbox 70 916 1157 995; baseline 0 -15"><span class='ocrx_word' id='word_1_54' title='bbox 70 921 73 932; x_wconf 88' lang='lat'>&#39;</span> <span class='ocrx_word' id='word_1_55' title='bbox 127 916 324 993; x_wconf 65' lang='lat' dir='ltr'>donnicato,</span> <span class='ocrx_word' id='word_1_56' title='bbox 345 938 518 995; x_wconf 80' lang='lat' dir='ltr'>consumere,</span> <span class='ocrx_word' id='word_1_57' title='bbox 540 923 628 978; x_wconf 84' lang='lat' dir='ltr'>finire.</span> <span class='ocrx_word' id='word_1_58' title='bbox 664 923 704 980; x_wconf 87' lang='lat' dir='ltr'>M.</span> <span class='ocrx_word' id='word_1_59' title='bbox 722 923 832 979; x_wconf 80' lang='lat' dir='ltr'>&#39;Pullius</span> <span class='ocrx_word' id='word_1_60' title='bbox 852 925 889 980; x_wconf 89' lang='lat' dir='ltr'>ad</span> <span class='ocrx_word' id='word_1_61' title='bbox 906 923 1054 982; x_wconf 79' lang='lat' dir='ltr'>Caesarem</span> <span class='ocrx_word' id='word_1_62' title='bbox 1070 925 1157 980; x_wconf 90' lang='lat' dir='ltr'>iunio·</span> 
     </span>
     <span class='ocr_line' id='line_1_9' title="bbox 78 1002 1159 1091; baseline 0.007 -29"><span class='ocrx_word' id='word_1_63' title='bbox 78 1007 174 1064; x_wconf 78' lang='lat' dir='ltr'>nnlb.</span> <span class='ocrx_word' id='word_1_64' title='bbox 185 1005 213 1063; x_wconf 83' lang='lat'>1:</span> <span class='ocrx_word' id='word_1_65' title='bbox 229 1002 368 1080; x_wconf 92' lang='lat' dir='ltr'>bellum,</span> <span class='ocrx_word' id='word_1_66' title='bbox 385 1014 422 1068; x_wconf 92' lang='lat' dir='ltr'>ut</span> <span class='ocrx_word' id='word_1_67' title='bbox 439 1003 548 1091; x_wconf 88' lang='lat' dir='ltr'>opinio</span> <span class='ocrx_word' id='word_1_68' title='bbox 568 1027 641 1070; x_wconf 89' lang='lat' dir='ltr'>mea</span> <span class='ocrx_word' id='word_1_69' title='bbox 658 1003 736 1082; x_wconf 81' lang='lat' dir='ltr'>fert,</span> <span class='ocrx_word' id='word_1_70' title='bbox 754 1025 912 1072; x_wconf 86' lang='lat' dir='ltr'>consensu</span> <span class='ocrx_word' id='word_1_71' title='bbox 926 1005 1063 1070; x_wconf 86' lang='lat' dir='ltr'>civitatis</span> <span class='ocrx_word' id='word_1_72' title='bbox 1082 1025 1159 1070; x_wconf 89' lang='lat' dir='ltr'>cou-</span> 
     </span>
     <span class='ocr_line' id='line_1_10' title="bbox 78 1087 817 1168; baseline -0.001 -18"><span class='ocrx_word' id='word_1_73' title='bbox 78 1087 176 1152; x_wconf 84' lang='lat' dir='ltr'>sectum</span> <span class='ocrx_word' id='word_1_74' title='bbox 190 1087 256 1153; x_wconf 86' lang='lat' dir='ltr'>iam</span> <span class='ocrx_word' id='word_1_75' title='bbox 273 1089 479 1154; x_wconf 82' lang='lat' dir='ltr'>haberemus.</span> <span class='ocrx_word' id='word_1_76' title='bbox 521 1093 650 1151; x_wconf 86' lang='lat' dir='ltr'>Nonius</span> <span class='ocrx_word' id='word_1_77' title='bbox 661 1113 690 1168; x_wconf 87' lang='lat' dir='ltr'>p.</span> <span class='ocrx_word' id='word_1_78' title='bbox 701 1094 762 1164; x_wconf 78' lang='lat'>269,</span> <span class='ocrx_word' id='word_1_79' title='bbox 775 1096 817 1149; x_wconf 88' lang='grc'><strong>16.</strong></span> 
     </span>
    </p>

    <p class='ocr_par' dir='ltr' id='par_1_6' title="bbox 76 1172 1158 1423">
     <span class='ocr_line' id='line_1_11' title="bbox 126 1172 1157 1250; baseline -0.002 -14"><span class='ocrx_word' id='word_1_80' title='bbox 126 1172 153 1238; x_wconf 82' lang='grc'>7.</span> <span class='ocrx_word' id='word_1_81' title='bbox 173 1177 283 1250; x_wconf 87' lang='lat' dir='ltr'>ducere,</span> <span class='ocrx_word' id='word_1_82' title='bbox 291 1179 413 1250; x_wconf 82' lang='lat' dir='ltr'>trahere,</span> <span class='ocrx_word' id='word_1_83' title='bbox 423 1179 543 1236; x_wconf 88' lang='lat' dir='ltr'>differre.</span> <span class='ocrx_word' id='word_1_84' title='bbox 564 1179 720 1234; x_wconf 85' lang='lat' dir='ltr'>MTullius</span> <span class='ocrx_word' id='word_1_85' title='bbox 729 1177 918 1236; x_wconf 81' lang='lat' dir='ltr'>adCaesarem</span> <span class='ocrx_word' id='word_1_86' title='bbox 928 1180 1064 1237; x_wconf 88' lang='lat' dir='ltr'>iuniorem</span> <span class='ocrx_word' id='word_1_87' title='bbox 1075 1181 1157 1238; x_wconf 86' lang='lat' dir='ltr'>lib.I:</span> 
     </span>
     <span class='ocr_line' id='line_1_12' title="bbox 76 1258 1158 1338; baseline 0.005 -17"><span class='ocrx_word' id='word_1_88' title='bbox 76 1279 107 1322; x_wconf 89' lang='lat' dir='ltr'>ne</span> <span class='ocrx_word' id='word_1_89' title='bbox 120 1279 164 1322; x_wconf 88' lang='lat' dir='ltr'>res</span> <span class='ocrx_word' id='word_1_90' title='bbox 180 1258 364 1338; x_wconf 86' lang='lat' dir='ltr'>duceretur,</span> <span class='ocrx_word' id='word_1_91' title='bbox 381 1259 516 1324; x_wconf 87' lang='lat' dir='ltr'>fecimus</span> <span class='ocrx_word' id='word_1_92' title='bbox 534 1271 571 1326; x_wconf 93' lang='lat' dir='ltr'>ut</span> <span class='ocrx_word' id='word_1_93' title='bbox 587 1259 746 1325; x_wconf 88' lang='lat' dir='ltr'>Hercules</span> <span class='ocrx_word' id='word_1_94' title='bbox 764 1259 926 1325; x_wconf 87' lang='lat' dir='ltr'>Antianus</span> <span class='ocrx_word' id='word_1_95' title='bbox 943 1259 977 1324; x_wconf 91' lang='lat' dir='ltr'>in</span> <span class='ocrx_word' id='word_1_96' title='bbox 995 1261 1094 1326; x_wconf 89' lang='lat' dir='ltr'>alium</span> <span class='ocrx_word' id='word_1_97' title='bbox 1110 1260 1158 1326; x_wconf 94' lang='lat' dir='ltr'>lo·</span> 
     </span>
     <span class='ocr_line' id='line_1_13' title="bbox 78 1345 658 1423; baseline -0.005 -16"><span class='ocrx_word' id='word_1_98' title='bbox 78 1365 134 1408; x_wconf 88' lang='lat' dir='ltr'>oum</span> <span class='ocrx_word' id='word_1_99' title='bbox 145 1345 381 1410; x_wconf 79' lang='lat' dir='ltr'>transferretur.</span> <span class='ocrx_word' id='word_1_100' title='bbox 410 1351 503 1408; x_wconf 86' lang='lat' dir='ltr'>ldem</span> <span class='ocrx_word' id='word_1_101' title='bbox 514 1369 542 1423; x_wconf 87' lang='lat' dir='ltr'>p.</span> <span class='ocrx_word' id='word_1_102' title='bbox 555 1351 607 1406; x_wconf 80' lang='lat'>283</span> <span class='ocrx_word' id='word_1_103' title='bbox 616 1367 658 1421; x_wconf 90' lang='lat' dir='ltr'>sq.</span> 
     </span>
    </p>

    <p class='ocr_par' dir='ltr' id='par_1_7' title="bbox 77 1428 1158 1602">
     <span class='ocr_line' id='line_1_14' title="bbox 125 1428 1158 1508; baseline -0.002 -15"><span class='ocrx_word' id='word_1_104' title='bbox 125 1428 152 1494; x_wconf 88' lang='lat'>8.</span> <span class='ocrx_word' id='word_1_105' title='bbox 173 1436 314 1508; x_wconf 85' lang='lat' dir='ltr'>expedire,</span> <span class='ocrx_word' id='word_1_106' title='bbox 336 1436 475 1508; x_wconf 83' lang='lat' dir='ltr'>colligere.</span> <span class='ocrx_word' id='word_1_107' title='bbox 511 1435 550 1490; x_wconf 87' lang='lat' dir='ltr'><strong>M.</strong></span> <span class='ocrx_word' id='word_1_108' title='bbox 564 1435 675 1490; x_wconf 79' lang='lat' dir='ltr'>Tullius</span> <span class='ocrx_word' id='word_1_109' title='bbox 696 1435 733 1490; x_wconf 87' lang='lat' dir='ltr'>ad</span> <span class='ocrx_word' id='word_1_110' title='bbox 745 1432 893 1491; x_wconf 79' lang='lat' dir='ltr'>Caesarem</span> <span class='ocrx_word' id='word_1_111' title='bbox 913 1435 1048 1490; x_wconf 87' lang='lat' dir='ltr'>iuniorem</span> <span class='ocrx_word' id='word_1_112' title='bbox 1067 1434 1117 1490; x_wconf 93' lang='lat' dir='ltr'>lib.</span> <span class='ocrx_word' id='word_1_113' title='bbox 1129 1437 1158 1491; x_wconf 83' lang='lat' dir='ltr'>I:</span> 
     </span>
     <span class='ocr_line' id='line_1_15' title="bbox 77 1513 1158 1602; baseline 0.002 -24"><span class='ocrx_word' id='word_1_114' title='bbox 77 1535 108 1578; x_wconf 83' lang='lat' dir='ltr'>ex</span> <span class='ocrx_word' id='word_1_115' title='bbox 126 1515 231 1580; x_wconf 86' lang='lat' dir='ltr'>ceteris</span> <span class='ocrx_word' id='word_1_116' title='bbox 253 1527 365 1582; x_wconf 86' lang='lat' dir='ltr'>autem</span> <span class='ocrx_word' id='word_1_117' title='bbox 391 1515 565 1602; x_wconf 85' lang='lat' dir='ltr'>generibus</span> <span class='ocrx_word' id='word_1_118' title='bbox 593 1527 671 1580; x_wconf 89' lang='lat' dir='ltr'>tuno</span> <span class='ocrx_word' id='word_1_119' title='bbox 696 1515 833 1602; x_wconf 88' lang='lat' dir='ltr'>pecunia</span> <span class='ocrx_word' id='word_1_120' title='bbox 856 1513 1058 1600; x_wconf 79' lang='lat' dir='ltr'>expedietur,</span> <span class='ocrx_word' id='word_1_121' title='bbox 1085 1536 1158 1580; x_wconf 90' lang='lat' dir='ltr'>oum</span> 
     </span>
    </p>
   </div>
   <div class='ocr_carea' id='block_1_5' title="bbox 76 1599 1154 1824">
    <p class='ocr_par' dir='ltr' id='par_1_8' title="bbox 76 1599 1154 1824">
     <span class='ocr_line' id='line_1_16' title="bbox 76 1599 1154 1735; baseline 0.002 -73"><span class='ocrx_word' id='word_1_122' title='bbox 76 1599 233 1735; x_wconf 60' lang='lat' dir='ltr'>lepionibus</span> <span class='ocrx_word' id='word_1_123' title='bbox 251 1601 439 1668; x_wconf 88' lang='lat' dir='ltr'>victricibus</span> <span class='ocrx_word' id='word_1_124' title='bbox 458 1613 561 1678; x_wconf 89' lang='lat' dir='ltr'>erunt,</span> <span class='ocrx_word' id='word_1_125' title='bbox 580 1621 663 1684; x_wconf 89' lang='lat' dir='ltr'>quae</span> <span class='ocrx_word' id='word_1_126' title='bbox 678 1600 917 1687; x_wconf 89' lang='lat' dir='ltr'>spopondimus,</span> <span class='ocrx_word' id='word_1_127' title='bbox 934 1599 1154 1688; x_wconf 88' lang='lat' dir='ltr'>persolvenda.</span> 
     </span>
     <span class='ocr_line' id='line_1_17' title="bbox 76 1681 677 1824; baseline 0.002 -20"><span class='ocrx_word' id='word_1_128' title='bbox 76 1681 87 1736; x_wconf 72' lang='lat' dir='ltr'>I</span> <span class='ocrx_word' id='word_1_129' title='bbox 109 1683 342 1822; x_wconf 52' lang='lat' dir='ltr'>emderddddcdada]</span> <span class='ocrx_word' id='word_1_130' title='bbox 352 1755 490 1824; x_wconf 81' lang='lat' dir='ltr'>persoluta</span> <span class='ocrx_word' id='word_1_131' title='bbox 503 1750 533 1808; x_wconf 81' lang='lat'><strong>0.</strong></span> <span class='ocrx_word' id='word_1_132' title='bbox 546 1752 581 1808; x_wconf 76' lang='lat'><strong>1..</strong></span> <span class='ocrx_word' id='word_1_133' title='bbox 593 1719 677 1807; x_wconf 87' lang='lat' dir='ltr'>Roth.</span> 
     </span>
    </p>
   </div>
   <div class='ocr_carea' id='block_1_6' title="bbox 125 1839 1158 1919">
    <p class='ocr_par' dir='ltr' id='par_1_9' title="bbox 125 1839 1158 1919">
     <span class='ocr_line' id='line_1_18' title="bbox 125 1839 1158 1919; baseline -0.001 -15"><span class='ocrx_word' id='word_1_134' title='bbox 125 1839 152 1904; x_wconf 90' lang='grc'>9.</span> <span class='ocrx_word' id='word_1_135' title='bbox 170 1846 322 1916; x_wconf 82' lang='lat' dir='ltr'>involvere,</span> <span class='ocrx_word' id='word_1_136' title='bbox 337 1846 490 1919; x_wconf 85' lang='lat' dir='ltr'>implicare.</span> <span class='ocrx_word' id='word_1_137' title='bbox 526 1845 565 1900; x_wconf 91' lang='lat' dir='ltr'>M.</span> <span class='ocrx_word' id='word_1_138' title='bbox 578 1846 688 1900; x_wconf 79' lang='lat' dir='ltr'>Tullius</span> <span class='ocrx_word' id='word_1_139' title='bbox 705 1846 742 1902; x_wconf 90' lang='lat' dir='ltr'>ad</span> <span class='ocrx_word' id='word_1_140' title='bbox 754 1843 901 1902; x_wconf 82' lang='lat' dir='ltr'>Caesarem</span> <span class='ocrx_word' id='word_1_141' title='bbox 916 1846 1051 1902; x_wconf 88' lang='lat' dir='ltr'>iuniorem</span> <span class='ocrx_word' id='word_1_142' title='bbox 1067 1847 1116 1903; x_wconf 89' lang='lat' dir='ltr'>lib.</span> <span class='ocrx_word' id='word_1_143' title='bbox 1128 1849 1158 1904; x_wconf 81' lang='lat'>1:</span> 
     </span>
    </p>
   </div>
   <div class='ocr_carea' id='block_1_7' title="bbox 76 1923 1157 2080">
    <p class='ocr_par' dir='ltr' id='par_1_10' title="bbox 76 1923 1157 2080">
     <span class='ocr_line' id='line_1_19' title="bbox 76 1923 1157 2079; baseline 0.001 -88"><span class='ocrx_word' id='word_1_144' title='bbox 76 1923 249 2079; x_wconf 44' lang='lat' dir='ltr'>pgquptgdqg</span> <span class='ocrx_word' id='word_1_145' title='bbox 261 1927 407 2064; x_wconf 54' lang='lat' dir='ltr'>tii9derem</span> <span class='ocrx_word' id='word_1_146' title='bbox 436 1925 566 1992; x_wconf 90' lang='lat' dir='ltr'>nomine</span> <span class='ocrx_word' id='word_1_147' title='bbox 597 1926 687 2012; x_wconf 87' lang='lat' dir='ltr'>pacis</span> <span class='ocrx_word' id='word_1_148' title='bbox 718 1926 839 1992; x_wconf 86' lang='lat' dir='ltr'>bellum</span> <span class='ocrx_word' id='word_1_149' title='bbox 870 1926 1051 1992; x_wconf 88' lang='lat' dir='ltr'>involutum</span> <span class='ocrx_word' id='word_1_150' title='bbox 1078 1928 1157 1994; x_wconf 81' lang='lat' dir='ltr'>fore.</span> 
     </span>
     <span class='ocr_line' id='line_1_20' title="bbox 178 2049 314 2080; baseline 0 -16"><span class='ocrx_word' id='word_1_151' title='bbox 178 2049 185 2064; x_wconf 96' lang='lat'><strong>.</strong></span> <span class='ocrx_word' id='word_1_152' title='bbox 250 2051 258 2080; x_wconf 95' lang='lat'>‚</span> <span class='ocrx_word' id='word_1_153' title='bbox 308 2050 314 2064; x_wconf 94' lang='lat'><strong>.</strong></span> 
     </span>
    </p>
   </div>
   <div class='ocr_carea' id='block_1_8' title="bbox 125 2079 1158 2157">
    <p class='ocr_par' dir='ltr' id='par_1_11' title="bbox 125 2079 1158 2157">
     <span class='ocr_line' id='line_1_21' title="bbox 125 2079 1158 2157; baseline 0 -15"><span class='ocrx_word' id='word_1_154' title='bbox 125 2079 171 2144; x_wconf 88' lang='grc'>10.</span> <span class='ocrx_word' id='word_1_155' title='bbox 192 2085 291 2157; x_wconf 87' lang='lat' dir='ltr'>opinio</span> <span class='ocrx_word' id='word_1_156' title='bbox 311 2089 355 2141; x_wconf 87' lang='lat' dir='ltr'>est</span> <span class='ocrx_word' id='word_1_157' title='bbox 373 2084 457 2140; x_wconf 83' lang='lat' dir='ltr'>fame.</span> <span class='ocrx_word' id='word_1_158' title='bbox 493 2084 533 2139; x_wconf 91' lang='lat' dir='ltr'>M.</span> <span class='ocrx_word' id='word_1_159' title='bbox 551 2084 662 2140; x_wconf 83' lang='lat' dir='ltr'>Tullius</span> <span class='ocrx_word' id='word_1_160' title='bbox 684 2085 722 2141; x_wconf 88' lang='lat' dir='ltr'>ad</span> <span class='ocrx_word' id='word_1_161' title='bbox 742 2082 890 2142; x_wconf 78' lang='lat' dir='ltr'>Caesarem</span> <span class='ocrx_word' id='word_1_162' title='bbox 909 2083 1045 2142; x_wconf 88' lang='lat' dir='ltr'>iuniorem</span> <span class='ocrx_word' id='word_1_163' title='bbox 1063 2085 1113 2142; x_wconf 90' lang='lat' dir='ltr'>lib.</span> <span class='ocrx_word' id='word_1_164' title='bbox 1129 2086 1158 2142; x_wconf 78' lang='lat'>1:</span> 
     </span>
    </p>
   </div>
   <div class='ocr_carea' id='block_1_9' title="bbox 78 2164 1158 2330">
    <p class='ocr_par' dir='ltr' id='par_1_12' title="bbox 78 2164 1158 2330">
     <span class='ocr_line' id='line_1_22' title="bbox 78 2164 1157 2253; baseline 0 -27"><span class='ocrx_word' id='word_1_165' title='bbox 78 2174 127 2230; x_wconf 86' lang='lat' dir='ltr'>erat</span> <span class='ocrx_word' id='word_1_166' title='bbox 140 2165 243 2251; x_wconf 90' lang='lat' dir='ltr'>opinio</span> <span class='ocrx_word' id='word_1_167' title='bbox 263 2165 351 2232; x_wconf 87' lang='lat' dir='ltr'>bona</span> <span class='ocrx_word' id='word_1_168' title='bbox 365 2165 406 2231; x_wconf 90' lang='lat' dir='ltr'>de</span> <span class='ocrx_word' id='word_1_169' title='bbox 420 2165 556 2243; x_wconf 81' lang='lat' dir='ltr'>Planco,</span> <span class='ocrx_word' id='word_1_170' title='bbox 574 2165 659 2230; x_wconf 90' lang='lat' dir='ltr'>bona</span> <span class='ocrx_word' id='word_1_171' title='bbox 677 2165 718 2232; x_wconf 91' lang='lat' dir='ltr'>de</span> <span class='ocrx_word' id='word_1_172' title='bbox 732 2164 870 2253; x_wconf 87' lang='lat' dir='ltr'>Lepido.</span> <span class='ocrx_word' id='word_1_173' title='bbox 896 2170 988 2227; x_wconf 81' lang='lat' dir='ltr'>idem</span> <span class='ocrx_word' id='word_1_174' title='bbox 999 2190 1028 2244; x_wconf 87' lang='lat' dir='ltr'>p.</span> <span class='ocrx_word' id='word_1_175' title='bbox 1041 2171 1102 2242; x_wconf 83' lang='lat'>356,</span> <span class='ocrx_word' id='word_1_176' title='bbox 1114 2172 1157 2227; x_wconf 87' lang='lat'><strong>13.</strong></span> 
     </span>
     <span class='ocr_line' id='line_1_23' title="bbox 126 2251 1158 2330; baseline -0.001 -16"><span class='ocrx_word' id='word_1_177' title='bbox 126 2251 172 2316; x_wconf 92' lang='grc'>11.</span> <span class='ocrx_word' id='word_1_178' title='bbox 192 2261 350 2330; x_wconf 85' lang='lat' dir='ltr'>praestare,</span> <span class='ocrx_word' id='word_1_179' title='bbox 362 2256 501 2313; x_wconf 85' lang='lat' dir='ltr'>exhibere.</span> <span class='ocrx_word' id='word_1_180' title='bbox 538 2255 577 2311; x_wconf 91' lang='lat' dir='ltr'>M.</span> <span class='ocrx_word' id='word_1_181' title='bbox 590 2257 700 2312; x_wconf 82' lang='lat' dir='ltr'>Tullius</span> <span class='ocrx_word' id='word_1_182' title='bbox 712 2257 749 2312; x_wconf 87' lang='lat' dir='ltr'>ad</span> <span class='ocrx_word' id='word_1_183' title='bbox 760 2253 909 2312; x_wconf 78' lang='lat' dir='ltr'>Caesarem</span> <span class='ocrx_word' id='word_1_184' title='bbox 922 2255 1058 2314; x_wconf 88' lang='lat' dir='ltr'>iuniorem</span> <span class='ocrx_word' id='word_1_185' title='bbox 1068 2256 1117 2313; x_wconf 92' lang='lat' dir='ltr'>lib.</span> <span class='ocrx_word' id='word_1_186' title='bbox 1129 2258 1158 2313; x_wconf 78' lang='lat' dir='ltr'>Ir</span> 
     </span>
    </p>
   </div>
   <div class='ocr_carea' id='block_1_10' title="bbox 77 2335 1158 2569">
    <p class='ocr_par' dir='ltr' id='par_1_13' title="bbox 77 2335 1158 2569">
     <span class='ocr_line' id='line_1_24' title="bbox 77 2335 1158 2491; baseline -0.001 -89"><span class='ocrx_word' id='word_1_187' title='bbox 77 2335 254 2491; x_wconf 53' lang='lat' dir='ltr'>{imi}</span> <span class='ocrx_word' id='word_1_188' title='bbox 271 2336 369 2475; x_wconf 52' lang='lat' dir='ltr'>{Iidem</span> <span class='ocrx_word' id='word_1_189' title='bbox 381 2336 588 2423; x_wconf 86' lang='lat' dir='ltr'>praestiteris,</span> <span class='ocrx_word' id='word_1_190' title='bbox 605 2335 694 2420; x_wconf 89' lang='lat' dir='ltr'>quod</span> <span class='ocrx_word' id='word_1_191' title='bbox 710 2335 836 2404; x_wconf 86' lang='lat' dir='ltr'>conlido</span> <span class='ocrx_word' id='word_1_192' title='bbox 854 2345 886 2400; x_wconf 86' lang='lat' dir='ltr'>te</span> <span class='ocrx_word' id='word_1_193' title='bbox 900 2358 970 2403; x_wconf 87' lang='lat' dir='ltr'>csse</span> <span class='ocrx_word' id='word_1_194' title='bbox 987 2335 1158 2402; x_wconf 81' lang='lat' dir='ltr'>facturum.</span> 
     </span>
     <span class='ocr_line' id='line_1_25' title="bbox 126 2459 1158 2569; baseline -0.006 -15"><span class='ocrx_word' id='word_1_195' title='bbox 126 2491 172 2556; x_wconf 82' lang='lat'><strong>12.</strong></span> <span class='ocrx_word' id='word_1_196' title='bbox 180 2459 316 2552; x_wconf 66' lang='lat' dir='ltr'>⁸relatiuis</span> <span class='ocrx_word' id='word_1_197' title='bbox 327 2495 429 2552; x_wconf 88' lang='lat' dir='ltr'>dicitur</span> <span class='ocrx_word' id='word_1_198' title='bbox 438 2495 586 2569; x_wconf 85' lang='lat' dir='ltr'>perlatum,</span> <span class='ocrx_word' id='word_1_199' title='bbox 599 2493 704 2550; x_wconf 87' lang='lat' dir='ltr'>dictum</span> <span class='ocrx_word' id='word_1_200' title='bbox 715 2510 733 2549; x_wconf 88' lang='lat' dir='ltr'>a</span> <span class='ocrx_word' id='word_1_201' title='bbox 744 2492 783 2548; x_wconf 89' lang='lat' dir='ltr'><strong>M.</strong></span> <span class='ocrx_word' id='word_1_202' title='bbox 796 2491 890 2547; x_wconf 75' lang='lat' dir='ltr'>Tullio</span> <span class='ocrx_word' id='word_1_203' title='bbox 906 2493 943 2547; x_wconf 88' lang='lat' dir='ltr'>ad</span> <span class='ocrx_word' id='word_1_204' title='bbox 956 2490 1103 2548; x_wconf 79' lang='lat' dir='ltr'>Caesarem</span> <span class='ocrx_word' id='word_1_205' title='bbox 1117 2495 1158 2548; x_wconf 89' lang='lat' dir='ltr'>iu-</span> 
     </span>
    </p>
   </div>
   <div class='ocr_carea' id='block_1_11' title="bbox 77 2572 1161 2914">
    <p class='ocr_par' dir='ltr' id='par_1_14' title="bbox 77 2572 1161 2738">
     <span class='ocr_line' id='line_1_26' title="bbox 77 2572 1161 2658; baseline 0.006 -25"><span class='ocrx_word' id='word_1_206' title='bbox 77 2579 162 2636; x_wconf 78' lang='lat' dir='ltr'>norem</span> <span class='ocrx_word' id='word_1_207' title='bbox 171 2581 220 2639; x_wconf 86' lang='lat' dir='ltr'>lib.</span> <span class='ocrx_word' id='word_1_208' title='bbox 233 2581 265 2638; x_wconf 73' lang='lat'>12</span> <span class='ocrx_word' id='word_1_209' title='bbox 286 2575 344 2641; x_wconf 87' lang='lat' dir='ltr'>sed</span> <span class='ocrx_word' id='word_1_210' title='bbox 359 2575 440 2642; x_wconf 89' lang='lat' dir='ltr'>haec</span> <span class='ocrx_word' id='word_1_211' title='bbox 456 2575 647 2650; x_wconf 83' lang='lat' dir='ltr'>videbimus,</span> <span class='ocrx_word' id='word_1_212' title='bbox 666 2595 740 2638; x_wconf 90' lang='lat' dir='ltr'>cum</span> <span class='ocrx_word' id='word_1_213' title='bbox 757 2572 857 2658; x_wconf 87' lang='lat' dir='ltr'>legati</span> <span class='ocrx_word' id='word_1_214' title='bbox 872 2591 1026 2657; x_wconf 86' lang='lat' dir='ltr'>responsa</span> <span class='ocrx_word' id='word_1_215' title='bbox 1042 2573 1161 2639; x_wconf 86' lang='lat' dir='ltr'>retule-</span> 
     </span>
     <span class='ocr_line' id='line_1_27' title="bbox 77 2658 435 2738; baseline -0.006 -14"><span class='ocrx_word' id='word_1_216' title='bbox 77 2658 134 2726; x_wconf 77' lang='lat' dir='ltr'>rint</span> <span class='ocrx_word' id='word_1_217' title='bbox 173 2665 435 2738; x_wconf 63' lang='lat' dir='ltr'>ruempaaome.</span> 
     </span>
    </p>

    <p class='ocr_par' dir='ltr' id='par_1_15' title="bbox 77 2743 1159 2914">
     <span class='ocr_line' id='line_1_28' title="bbox 128 2743 1159 2826; baseline -0.004 -16"><span class='ocrx_word' id='word_1_218' title='bbox 128 2747 174 2814; x_wconf 87' lang='grc'><strong>13.</strong></span> <span class='ocrx_word' id='word_1_219' title='bbox 195 2768 338 2826; x_wconf 86' lang='lat' dir='ltr'>spurcum,</span> <span class='ocrx_word' id='word_1_220' title='bbox 349 2752 507 2822; x_wconf 88' lang='lat' dir='ltr'>vehemens,</span> <span class='ocrx_word' id='word_1_221' title='bbox 519 2767 657 2822; x_wconf 88' lang='lat' dir='ltr'>asperum.</span> <span class='ocrx_word' id='word_1_222' title='bbox 691 2747 731 2804; x_wconf 88' lang='lat' dir='ltr'><strong>M.</strong></span> <span class='ocrx_word' id='word_1_223' title='bbox 743 2747 854 2804; x_wconf 82' lang='lat' dir='ltr'>Tullius</span> <span class='ocrx_word' id='word_1_224' title='bbox 865 2748 902 2803; x_wconf 87' lang='lat' dir='ltr'>ad</span> <span class='ocrx_word' id='word_1_225' title='bbox 915 2743 1061 2806; x_wconf 79' lang='lat' dir='ltr'>Caesarem</span> <span class='ocrx_word' id='word_1_226' title='bbox 1071 2749 1159 2806; x_wconf 92' lang='lat' dir='ltr'>iunio-</span> 
     </span>
     <span class='ocr_line' id='line_1_29' title="bbox 77 2823 1159 2914; baseline 0.006 -26"><span class='ocrx_word' id='word_1_227' title='bbox 77 2837 216 2894; x_wconf 83' lang='lat' dir='ltr'>rcnlib.1:</span> <span class='ocrx_word' id='word_1_228' title='bbox 252 2853 327 2897; x_wconf 89' lang='lat' dir='ltr'>cum</span> <span class='ocrx_word' id='word_1_229' title='bbox 351 2831 411 2896; x_wconf 90' lang='lat' dir='ltr'>iter</span> <span class='ocrx_word' id='word_1_230' title='bbox 436 2829 577 2897; x_wconf 87' lang='lat' dir='ltr'>facerem</span> <span class='ocrx_word' id='word_1_231' title='bbox 597 2832 616 2913; x_wconf 88' lang='lat'><em>†</em></span> <span class='ocrx_word' id='word_1_232' title='bbox 633 2828 676 2895; x_wconf 88' lang='lat' dir='ltr'>ad</span> <span class='ocrx_word' id='word_1_233' title='bbox 698 2827 853 2914; x_wconf 87' lang='lat' dir='ltr'>hiquiiarn</span> <span class='ocrx_word' id='word_1_234' title='bbox 871 2823 1056 2896; x_wconf 87' lang='lat' dir='ltr'>Claternarn</span> <span class='ocrx_word' id='word_1_235' title='bbox 1079 2840 1159 2896; x_wconf 87' lang='lat' dir='ltr'>tem-</span> 
     </span>
    </p>
   </div>
   <div class='ocr_carea' id='block_1_12' title="bbox 77 2916 1159 3079">
    <p class='ocr_par' dir='ltr' id='par_1_16' title="bbox 77 2916 1159 3079">
     <span class='ocr_line' id='line_1_30' title="bbox 77 2916 701 3004; baseline -0.014 -21"><span class='ocrx_word' id='word_1_236' title='bbox 77 2925 181 2999; x_wconf 77' lang='lat' dir='ltr'>pestate</span> <span class='ocrx_word' id='word_1_237' title='bbox 198 2916 417 3004; x_wconf 87' lang='lat' dir='ltr'>spurcissima.</span> <span class='ocrx_word' id='word_1_238' title='bbox 458 2921 591 2993; x_wconf 86' lang='lat' dir='ltr'>Idemp.</span> <span class='ocrx_word' id='word_1_239' title='bbox 602 2921 663 2991; x_wconf 84' lang='lat'>394,</span> <span class='ocrx_word' id='word_1_240' title='bbox 675 2920 701 2974; x_wconf 84' lang='grc'>7.</span> 
     </span>
     <span class='ocr_line' id='line_1_31' title="bbox 129 3001 1159 3079; baseline -0.007 -14"><span class='ocrx_word' id='word_1_241' title='bbox 129 3002 177 3068; x_wconf 87' lang='lat'><strong>14.</strong></span> <span class='ocrx_word' id='word_1_242' title='bbox 196 3006 356 3079; x_wconf 83' lang='lat' dir='ltr'>vindicare,</span> <span class='ocrx_word' id='word_1_243' title='bbox 367 3022 506 3062; x_wconf 85' lang='lat' dir='ltr'>revocare.</span> <span class='ocrx_word' id='word_1_244' title='bbox 542 3005 582 3061; x_wconf 89' lang='lat' dir='ltr'><strong>M.</strong></span> <span class='ocrx_word' id='word_1_245' title='bbox 594 3006 705 3061; x_wconf 84' lang='lat' dir='ltr'>Tullius</span> <span class='ocrx_word' id='word_1_246' title='bbox 716 3005 754 3061; x_wconf 86' lang='lat' dir='ltr'>ad</span> <span class='ocrx_word' id='word_1_247' title='bbox 763 3001 911 3060; x_wconf 77' lang='lat' dir='ltr'>Gaesarem</span> <span class='ocrx_word' id='word_1_248' title='bbox 921 3005 1057 3063; x_wconf 88' lang='lat' dir='ltr'>iuniorem</span> <span class='ocrx_word' id='word_1_249' title='bbox 1067 3004 1117 3060; x_wconf 86' lang='lat' dir='ltr'>lib.</span> <span class='ocrx_word' id='word_1_250' title='bbox 1128 3006 1159 3059; x_wconf 87' lang='lat' dir='ltr'>I:</span> 
     </span>
    </p>
   </div>
   <div class='ocr_carea' id='block_1_13' title="bbox 78 3085 1162 3338">
    <p class='ocr_par' dir='ltr' id='par_1_17' title="bbox 78 3085 1162 3338">
     <span class='ocr_line' id='line_1_32' title="bbox 78 3085 1162 3170; baseline -0.003 -20"><span class='ocrx_word' id='word_1_251' title='bbox 78 3085 123 3168; x_wconf 92' lang='lat' dir='ltr'>qui</span> <span class='ocrx_word' id='word_1_252' title='bbox 140 3089 166 3152; x_wconf 92' lang='lat' dir='ltr'>si</span> <span class='ocrx_word' id='word_1_253' title='bbox 185 3088 268 3155; x_wconf 89' lang='lat' dir='ltr'>nihil</span> <span class='ocrx_word' id='word_1_254' title='bbox 290 3087 332 3154; x_wconf 88' lang='lat' dir='ltr'>ad</span> <span class='ocrx_word' id='word_1_255' title='bbox 352 3086 387 3152; x_wconf 93' lang='lat' dir='ltr'>id</span> <span class='ocrx_word' id='word_1_256' title='bbox 408 3085 600 3152; x_wconf 88' lang='lat' dir='ltr'>beneficium</span> <span class='ocrx_word' id='word_1_257' title='bbox 623 3085 771 3163; x_wconf 81' lang='lat' dir='ltr'>adderes,</span> <span class='ocrx_word' id='word_1_258' title='bbox 797 3106 862 3168; x_wconf 94' lang='lat' dir='ltr'>quo</span> <span class='ocrx_word' id='word_1_259' title='bbox 887 3107 946 3170; x_wconf 90' lang='lat' dir='ltr'>per</span> <span class='ocrx_word' id='word_1_260' title='bbox 967 3096 999 3149; x_wconf 86' lang='lat' dir='ltr'>te</span> <span class='ocrx_word' id='word_1_261' title='bbox 1022 3106 1073 3148; x_wconf 90' lang='lat' dir='ltr'>me</span> <span class='ocrx_word' id='word_1_262' title='bbox 1094 3107 1162 3148; x_wconf 88' lang='lat' dir='ltr'>una</span> 
     </span>
     <span class='ocr_line' id='line_1_33' title="bbox 79 3171 1159 3260; baseline -0.004 -26"><span class='ocrx_word' id='word_1_263' title='bbox 79 3191 139 3236; x_wconf 88' lang='lat' dir='ltr'>cum</span> <span class='ocrx_word' id='word_1_264' title='bbox 154 3197 186 3242; x_wconf 91' lang='lat' dir='ltr'>re</span> <span class='ocrx_word' id='word_1_265' title='bbox 203 3172 336 3260; x_wconf 89' lang='lat' dir='ltr'>publica</span> <span class='ocrx_word' id='word_1_266' title='bbox 351 3172 387 3237; x_wconf 89' lang='lat' dir='ltr'>in</span> <span class='ocrx_word' id='word_1_267' title='bbox 402 3171 583 3238; x_wconf 87' lang='lat' dir='ltr'>libertatem</span> <span class='ocrx_word' id='word_1_268' title='bbox 600 3171 854 3241; x_wconf 86' lang='lat' dir='ltr'>vindicavissem.</span> <span class='ocrx_word' id='word_1_269' title='bbox 899 3175 992 3230; x_wconf 84' lang='lat' dir='ltr'>Idam</span> <span class='ocrx_word' id='word_1_270' title='bbox 1002 3191 1031 3245; x_wconf 89' lang='lat' dir='ltr'>p.</span> <span class='ocrx_word' id='word_1_271' title='bbox 1043 3173 1104 3246; x_wconf 84' lang='lat'>419,</span> <span class='ocrx_word' id='word_1_272' title='bbox 1117 3175 1159 3230; x_wconf 84' lang='lat'><strong>13.</strong></span> 
     </span>
     <span class='ocr_line' id='line_1_34' title="bbox 133 3258 1162 3338; baseline -0.006 -16"><span class='ocrx_word' id='word_1_273' title='bbox 133 3258 177 3324; x_wconf 78' lang='grc'><strong>15.</strong></span> <span class='ocrx_word' id='word_1_274' title='bbox 198 3266 346 3338; x_wconf 81' lang='lat' dir='ltr'>ignoscere</span> <span class='ocrx_word' id='word_1_275' title='bbox 358 3267 387 3318; x_wconf 86' lang='lat' dir='ltr'>ct</span> <span class='ocrx_word' id='word_1_276' title='bbox 398 3263 549 3318; x_wconf 87' lang='lat' dir='ltr'>concedere</span> <span class='ocrx_word' id='word_1_277' title='bbox 566 3261 797 3334; x_wconf 89' lang='lat' dir='ltr'>quemadmodum</span> <span class='ocrx_word' id='word_1_278' title='bbox 808 3261 922 3316; x_wconf 85' lang='lat' dir='ltr'>interae</span> <span class='ocrx_word' id='word_1_279' title='bbox 940 3259 1054 3330; x_wconf 86' lang='lat' dir='ltr'>distent,</span> <span class='ocrx_word' id='word_1_280' title='bbox 1070 3262 1162 3333; x_wconf 87' lang='lat' dir='ltr'>aperit</span> 
     </span>
    </p>
   </div>
   <div class='ocr_carea' id='block_1_14' title="bbox 79 3337 1163 3514">
    <p class='ocr_par' dir='ltr' id='par_1_18' title="bbox 79 3337 1163 3514">
     <span class='ocr_line' id='line_1_35' title="bbox 79 3337 1161 3428; baseline 0.006 -27"><span class='ocrx_word' id='word_1_281' title='bbox 79 3343 112 3401; x_wconf 84' lang='lat' dir='ltr'><strong>M</strong></span> <span class='ocrx_word' id='word_1_282' title='bbox 123 3347 225 3406; x_wconf 80' lang='lat' dir='ltr'>lulius</span> <span class='ocrx_word' id='word_1_283' title='bbox 240 3349 279 3405; x_wconf 87' lang='lat' dir='ltr'>ad</span> <span class='ocrx_word' id='word_1_284' title='bbox 296 3345 445 3404; x_wconf 78' lang='lat' dir='ltr'>Caesarem</span> <span class='ocrx_word' id='word_1_285' title='bbox 459 3347 596 3404; x_wconf 90' lang='lat' dir='ltr'>iuniorem</span> <span class='ocrx_word' id='word_1_286' title='bbox 610 3347 661 3402; x_wconf 91' lang='lat' dir='ltr'>lib.</span> <span class='ocrx_word' id='word_1_287' title='bbox 673 3346 700 3401; x_wconf 91' lang='lat' dir='ltr'>I:</span> <span class='ocrx_word' id='word_1_288' title='bbox 729 3339 817 3425; x_wconf 90' lang='lat' dir='ltr'>quod</span> <span class='ocrx_word' id='word_1_289' title='bbox 847 3337 926 3404; x_wconf 87' lang='lat' dir='ltr'>mihi</span> <span class='ocrx_word' id='word_1_290' title='bbox 952 3349 985 3406; x_wconf 85' lang='lat' dir='ltr'>et</span> <span class='ocrx_word' id='word_1_291' title='bbox 1009 3339 1161 3428; x_wconf 88' lang='lat' dir='ltr'>Philippo</span> 
     </span>
     <span class='ocr_line' id='line_1_36' title="bbox 80 3423 1163 3514; baseline -0.002 -20"><span class='ocrx_word' id='word_1_292' title='bbox 80 3430 264 3496; x_wconf 81' lang='lat' dir='ltr'>vacationem</span> <span class='ocrx_word' id='word_1_293' title='bbox 286 3428 360 3506; x_wconf 84' lang='lat' dir='ltr'>des,</span> <span class='ocrx_word' id='word_1_294' title='bbox 386 3428 436 3493; x_wconf 90' lang='lat' dir='ltr'>bis</span> <span class='ocrx_word' id='word_1_295' title='bbox 458 3427 599 3514; x_wconf 86' lang='lat' dir='ltr'>gaudeo:</span> <span class='ocrx_word' id='word_1_296' title='bbox 626 3437 752 3492; x_wconf 87' lang='lat' dir='ltr'>namet</span> <span class='ocrx_word' id='word_1_297' title='bbox 773 3423 951 3511; x_wconf 87' lang='lat' dir='ltr'>praeteritis</span> <span class='ocrx_word' id='word_1_298' title='bbox 973 3424 1111 3510; x_wconf 83' lang='lat' dir='ltr'>ignoscis</span> <span class='ocrx_word' id='word_1_299' title='bbox 1130 3439 1163 3492; x_wconf 88' lang='lat' dir='ltr'>et</span> 
     </span>
    </p>
   </div>
   <div class='ocr_carea' id='block_1_15' title="bbox 81 3515 830 3671">
    <p class='ocr_par' dir='ltr' id='par_1_19' title="bbox 81 3515 830 3671">
     <span class='ocr_line' id='line_1_37' title="bbox 81 3515 651 3589; baseline -0.016 -10"><span class='ocrx_word' id='word_1_300' title='bbox 81 3516 212 3581; x_wconf 83' lang='lat' dir='ltr'>concedis</span> <span class='ocrx_word' id='word_1_301' title='bbox 229 3515 348 3581; x_wconf 81' lang='lat' dir='ltr'>futura.</span> <span class='ocrx_word' id='word_1_302' title='bbox 391 3519 484 3574; x_wconf 88' lang='lat' dir='ltr'>Idem</span> <span class='ocrx_word' id='word_1_303' title='bbox 495 3537 523 3589; x_wconf 89' lang='lat' dir='ltr'>p.</span> <span class='ocrx_word' id='word_1_304' title='bbox 535 3518 597 3587; x_wconf 84' lang='lat'>436,</span> <span class='ocrx_word' id='word_1_305' title='bbox 609 3517 651 3571; x_wconf 76' lang='lat'><strong>17.</strong></span> 
     </span>
     <span class='ocr_line' id='line_1_38' title="bbox 167 3591 830 3671; baseline -0.012 -17"><span class='ocrx_word' id='word_1_306' title='bbox 167 3600 238 3671; x_wconf 79' lang='lat' dir='ltr'>quod</span> <span class='ocrx_word' id='word_1_307' title='bbox 248 3599 324 3666; x_wconf 72' lang='lat' dir='ltr'>milri]</span> <span class='ocrx_word' id='word_1_308' title='bbox 338 3614 390 3668; x_wconf 80' lang='lat' dir='ltr'>qao</span> <span class='ocrx_word' id='word_1_309' title='bbox 401 3597 464 3650; x_wconf 80' lang='lat' dir='ltr'>milti</span> <span class='ocrx_word' id='word_1_310' title='bbox 474 3593 564 3664; x_wconf 84' lang='lat' dir='ltr'>codd,</span> <span class='ocrx_word' id='word_1_311' title='bbox 577 3611 653 3666; x_wconf 80' lang='lat' dir='ltr'>quom</span> <span class='ocrx_word' id='word_1_312' title='bbox 665 3593 728 3648; x_wconf 72' lang='lat' dir='ltr'>milti</span> <span class='ocrx_word' id='word_1_313' title='bbox 736 3591 830 3648; x_wconf 84' lang='lat' dir='ltr'>Halm.</span> 
     </span>
    </p>
   </div>
   <div class='ocr_carea' id='block_1_16' title="bbox 80 3683 1165 4027">
    <p class='ocr_par' dir='ltr' id='par_1_20' title="bbox 80 3683 1165 4027">
     <span class='ocr_line' id='line_1_39' title="bbox 134 3683 1164 3764; baseline -0.016 -9"><span class='ocrx_word' id='word_1_314' title='bbox 134 3687 184 3754; x_wconf 87' lang='grc'><strong>16.</strong></span> <span class='ocrx_word' id='word_1_315' title='bbox 204 3709 313 3764; x_wconf 79' lang='lat' dir='ltr'>sagum,</span> <span class='ocrx_word' id='word_1_316' title='bbox 324 3689 518 3746; x_wconf 83' lang='lat' dir='ltr'>vestimentum</span> <span class='ocrx_word' id='word_1_317' title='bbox 529 3687 658 3744; x_wconf 83' lang='lat' dir='ltr'>militare.</span> <span class='ocrx_word' id='word_1_318' title='bbox 693 3685 734 3742; x_wconf 89' lang='lat' dir='ltr'><strong>M.</strong></span> <span class='ocrx_word' id='word_1_319' title='bbox 745 3685 856 3741; x_wconf 80' lang='lat' dir='ltr'>Tullius</span> <span class='ocrx_word' id='word_1_320' title='bbox 866 3685 905 3742; x_wconf 84' lang='lat' dir='ltr'>cd</span> <span class='ocrx_word' id='word_1_321' title='bbox 916 3683 1065 3744; x_wconf 80' lang='lat' dir='ltr'>Caesarem</span> <span class='ocrx_word' id='word_1_322' title='bbox 1076 3686 1164 3740; x_wconf 87' lang='lat' dir='ltr'>iunio·</span> 
     </span>
     <span class='ocr_line' id='line_1_40' title="bbox 80 3765 1164 3836; baseline -0.001 -9"><span class='ocrx_word' id='word_1_323' title='bbox 80 3791 129 3831; x_wconf 85' lang='lat' dir='ltr'>ren</span> <span class='ocrx_word' id='word_1_324' title='bbox 140 3777 189 3833; x_wconf 85' lang='lat' dir='ltr'>lib.</span> <span class='ocrx_word' id='word_1_325' title='bbox 200 3777 229 3833; x_wconf 84' lang='lat'>1:</span> <span class='ocrx_word' id='word_1_326' title='bbox 280 3769 361 3836; x_wconf 88' lang='lat' dir='ltr'>ridie</span> <span class='ocrx_word' id='word_1_327' title='bbox 377 3768 490 3835; x_wconf 87' lang='lat' dir='ltr'>Nonas</span> <span class='ocrx_word' id='word_1_328' title='bbox 507 3765 701 3834; x_wconf 80' lang='lat' dir='ltr'>Februarias</span> <span class='ocrx_word' id='word_1_329' title='bbox 723 3785 798 3832; x_wconf 90' lang='lat' dir='ltr'>oum</span> <span class='ocrx_word' id='word_1_330' title='bbox 814 3765 857 3830; x_wconf 87' lang='lat' dir='ltr'>ad</span> <span class='ocrx_word' id='word_1_331' title='bbox 878 3776 910 3832; x_wconf 90' lang='lat' dir='ltr'>te</span> <span class='ocrx_word' id='word_1_332' title='bbox 931 3767 1052 3832; x_wconf 88' lang='lat' dir='ltr'>litteras</span> <span class='ocrx_word' id='word_1_333' title='bbox 1070 3787 1164 3828; x_wconf 86' lang='lat' dir='ltr'>mane</span> 
     </span>
     <span class='ocr_line' id='line_1_41' title="bbox 81 3795 1165 3938; baseline -0.006 -19"><span class='ocrx_word' id='word_1_334' title='bbox 81 3853 235 3934; x_wconf 87' lang='lat' dir='ltr'>dedissem,</span> <span class='ocrx_word' id='word_1_335' title='bbox 254 3795 406 3922; x_wconf 76' lang='lat' dir='ltr'>descendi</span> <span class='ocrx_word' id='word_1_336' title='bbox 422 3855 465 3921; x_wconf 87' lang='lat' dir='ltr'>ad</span> <span class='ocrx_word' id='word_1_337' title='bbox 481 3855 588 3920; x_wconf 89' lang='lat' dir='ltr'>forum</span> <span class='ocrx_word' id='word_1_338' title='bbox 606 3862 748 3938; x_wconf 88' lang='lat' dir='ltr'>sagatus,</span> <span class='ocrx_word' id='word_1_339' title='bbox 766 3871 841 3916; x_wconf 87' lang='lat' dir='ltr'>cum</span> <span class='ocrx_word' id='word_1_340' title='bbox 853 3851 967 3936; x_wconf 90' lang='lat' dir='ltr'>reliqui</span> <span class='ocrx_word' id='word_1_341' title='bbox 982 3849 1165 3917; x_wconf 89' lang='lat' dir='ltr'>consulares</span> 
     </span>
     <span class='ocr_line' id='line_1_42' title="bbox 81 3940 829 4027; baseline -0.017 -16"><span class='ocrx_word' id='word_1_342' title='bbox 81 3943 170 4027; x_wconf 80' lang='lat' dir='ltr'>togati</span> <span class='ocrx_word' id='word_1_343' title='bbox 185 3943 306 4010; x_wconf 83' lang='lat' dir='ltr'>vellent</span> <span class='ocrx_word' id='word_1_344' title='bbox 322 3940 526 4008; x_wconf 86' lang='lat' dir='ltr'>descendere.</span> <span class='ocrx_word' id='word_1_345' title='bbox 569 3943 663 4000; x_wconf 84' lang='lat' dir='ltr'>Idem</span> <span class='ocrx_word' id='word_1_346' title='bbox 673 3961 702 4016; x_wconf 87' lang='lat' dir='ltr'>p.</span> <span class='ocrx_word' id='word_1_347' title='bbox 715 3943 774 4014; x_wconf 75' lang='lat'>538,</span> <span class='ocrx_word' id='word_1_348' title='bbox 786 3943 829 3998; x_wconf 78' lang='lat'><strong>20.</strong></span> 
     </span>
    </p>
   </div>
   <div class='ocr_carea' id='block_1_17' title="bbox 171 4032 1165 4184">
    <p class='ocr_par' dir='ltr' id='par_1_21' title="bbox 171 4032 1165 4184">
     <span class='ocr_line' id='line_1_43' title="bbox 171 4032 1165 4114; baseline -0.014 -15"><span class='ocrx_word' id='word_1_349' title='bbox 171 4053 279 4114; x_wconf 70' lang='lat' dir='ltr'>rugatus</span> <span class='ocrx_word' id='word_1_350' title='bbox 290 4072 320 4085; x_wconf 92' lang='lat'>··</span> <span class='ocrx_word' id='word_1_351' title='bbox 333 4042 416 4112; x_wconf 73' lang='lat' dir='ltr'>toperi</span> <span class='ocrx_word' id='word_1_352' title='bbox 425 4039 557 4095; x_wconf 85' lang='lat' dir='ltr'>Abeken:</span> <span class='ocrx_word' id='word_1_353' title='bbox 571 4045 674 4109; x_wconf 69' lang='lat' dir='ltr'>togatam</span> <span class='ocrx_word' id='word_1_354' title='bbox 685 4067 713 4080; x_wconf 93' lang='lat'>·-</span> <span class='ocrx_word' id='word_1_355' title='bbox 725 4037 809 4108; x_wconf 73' lang='lat' dir='ltr'>togati</span> <span class='ocrx_word' id='word_1_356' title='bbox 819 4035 899 4091; x_wconf 90' lang='lat' dir='ltr'>codd.</span> <span class='ocrx_word' id='word_1_357' title='bbox 911 4032 1009 4102; x_wconf 82' lang='lat' dir='ltr'>Nonii,</span> <span class='ocrx_word' id='word_1_358' title='bbox 1022 4041 1125 4103; x_wconf 68' lang='lat' dir='ltr'>togatos</span> <span class='ocrx_word' id='word_1_359' title='bbox 1135 4063 1165 4076; x_wconf 90' lang='lat'>--</span> 
     </span>
     <span class='ocr_line' id='line_1_44' title="bbox 204 4106 753 4184; baseline -0.013 -17"><span class='ocrx_word' id='word_1_360' title='bbox 204 4112 293 4184; x_wconf 73' lang='lat' dir='ltr'>repara·</span> <span class='ocrx_word' id='word_1_361' title='bbox 303 4110 366 4168; x_wconf 90' lang='lat' dir='ltr'>edd.</span> <span class='ocrx_word' id='word_1_362' title='bbox 378 4109 464 4168; x_wconf 85' lang='lat' dir='ltr'>Nonii</span> <span class='ocrx_word' id='word_1_363' title='bbox 475 4113 504 4164; x_wconf 86' lang='lat' dir='ltr'>ct</span> <span class='ocrx_word' id='word_1_364' title='bbox 514 4106 753 4180; x_wconf 80' lang='lat' dir='ltr'>Fragmentorum.</span> 
     </span>
    </p>
   </div>
   <div class='ocr_carea' id='block_1_18' title="bbox 0 0 1345 4558">
    <p class='ocr_par' dir='ltr' id='par_1_22' title="bbox 0 0 1345 4558">
     <span class='ocr_line' id='line_1_45' title="bbox 0 0 1345 4558; baseline 0 0"><span class='ocrx_word' id='word_1_365' title='bbox 0 0 1345 4558; x_wconf 95' lang='lat' dir='ltr'> </span> 
     </span>
    </p>
   </div>
  </div>
 </body>
</html>
