2714 4554
138 261 224 323 mc.
239 259 958 323 SALUSTIUMORISPUMOONTROVERSIA
976 269 1052 324 a-e.
1133 256 1195 324 155

95 411 234 476 quorum
251 386 320 453 sive
338 397 375 452 tu
398 386 509 452 similis
532 409 567 452 es
585 387 653 452 sive
670 385 716 452 illi
734 389 795 465 tui,
819 390 898 455 nihil
920 390 961 456 ad
984 392 1127 458 omnium

97 485 199 552 eoelus
217 504 257 548 aa
274 480 451 565 nequitiam
469 480 544 545 addi
562 492 676 566 potest.
721 505 846 559 verum,
870 495 906 550 ut
923 485 1051 573 opinor,
1069 487 1127 554 ho·
1144 507 1169 548 ει

98 600 190 645 nores
206 576 255 642 tui
272 585 305 641 te
323 574 446 640 faoiunt
463 574 661 641 insolentem.
698 587 744 654 tu,
763 574 802 643 C.
823 575 954 658 Salusti‚
973 581 1128 648 tantidem

9 723 10 746 1
98 687 189 759 putas
211 692 284 736 esse
307 669 356 734 bis
380 679 560 734 senatorem
577 681 610 734 et
634 669 683 734 bis
701 685 902 755 quaestorem
924 673 994 742 lieri
1016 676 1128 760 quanti

97 767 143 832 bis
165 764 369 831 consularem
391 775 424 827 et
445 762 495 827 bis
518 763 763 849 triumphalem?
797 787 904 832 oarere
927 767 1019 835 decet
1040 770 1127 835 omni

95 859 171 924 vitio
189 858 248 943 qui
270 857 305 922 in
323 857 458 923 alterum
476 855 581 922 dioere
598 870 730 944 paratus
748 871 805 924 est
849 861 877 926 is
895 861 1025 928 demum
1042 866 1126 931 male

93 956 184 1033 dicit,
213 952 272 1039 qui
298 974 364 1020 non
389 962 495 1038 potest
521 976 634 1020 verum
660 954 701 1020 ab
725 955 823 1022 altero
847 957 966 1024 audire.
1012 959 1069 1025 sed
1089 971 1126 1025 tu

92 1050 240 1118 omnium
261 1070 446 1114 mensarum
464 1047 605 1126 adsecla‚
624 1049 767 1115 omnium
785 1051 1005 1118 cubiculorum
1022 1055 1055 1119 in
1073 1077 1126 1120 ae·

91 1157 157 1213 tate
184 1143 284 1232 pelex
306 1153 340 1209 et
360 1141 447 1210 idem
468 1155 581 1228 postea
601 1143 740 1222 adulter,
767 1145 870 1210 omnis
888 1147 1007 1213 ordinis
1025 1149 1127 1233 turpi·

91 1241 171 1307 tudo
190 1261 227 1306 es
246 1253 279 1304 et
297 1236 398 1304 oivilis
420 1237 496 1303 belli
513 1237 676 1304 memoria.
721 1238 799 1322 quid
817 1239 901 1305 enim
918 1239 980 1306 hoo
996 1242 1127 1326 gravius

89 1334 160 1423 pati
186 1331 355 1420 potuimus
381 1352 479 1415 quam
501 1332 589 1415 quod
610 1344 641 1398 te
664 1331 913 1399 incolumemin
936 1333 998 1400 hoo
1016 1334 1126 1400 ordine

89 1428 263 1496 videmus?
290 1426 399 1494 desine
416 1427 668 1513 petulantissime
686 1428 862 1493 oonseotari
879 1427 997 1505 bonos,
1015 1428 1125 1494 desine
1143 1447 1168 1488 a

89 1524 206 1592 morbo
225 1521 428 1609 prooaoitatis
445 1522 506 1588 isto
524 1521 588 1599 uti,
606 1521 715 1586 desine
734 1544 835 1587 unum
852 1544 1013 1608 quemque
1030 1522 1128 1588 mori-

89 1621 153 1685 bus
171 1618 238 1684 tuis
257 1615 436 1685 aestimare.
480 1614 529 1681 his
547 1616 688 1681 moribus
707 1616 846 1682 amioum
863 1617 922 1683 tibi
939 1617 1045 1684 faeere
1062 1640 1128 1684 non

88 1727 204 1801 potest
222 1712 340 1778 videris
358 1710 440 1777 velle
456 1709 621 1777 inimicum
643 1709 772 1778 habere.
815 1710 913 1778 finem
930 1712 1057 1780 dicendi
1079 1712 1128 1780 fa·

89 1809 193 1884 eiam,
215 1817 320 1892 patres
344 1805 523 1890 conscripti.
568 1827 664 1890 saepe
685 1805 770 1872 enim
788 1805 854 1870 vidi
876 1807 1007 1892 gravius
1025 1805 1127 1875 offen-

90 1905 172 1970 dere
199 1901 324 1968 animos
350 1901 533 1966 auditorum
559 1922 629 1978 eos,
661 1901 717 1984 qui
743 1901 847 1968 aliena
871 1903 993 1989 flagitia
1019 1914 1128 1989 aperte

91 1997 257 2074 dixerunt,
276 2017 374 2081 qnam
391 2016 456 2071 eos,
475 1994 531 2078 qui
549 1994 787 2062 commiserunt:
805 1995 883 2062 mihi
900 1996 1030 2081 quidem
1047 1997 1127 2064 ratio

92 2089 246 2160 habenda
269 2101 320 2158 est
344 2111 410 2155 non
435 2110 518 2174 quae
541 2087 701 2156 Salustius
727 2092 840 2157 merito
868 2090 984 2158 debeat
1007 2090 1127 2168 audire,

92 2186 150 2252 sed
170 2197 206 2252 ut
226 2207 265 2252 ea
284 2183 400 2262 dicam,
418 2184 445 2250 si
463 2206 528 2270 qua
545 2206 606 2270 ego
624 2185 755 2252 honeste
773 2185 865 2252 effari
881 2187 1010 2271 possim.
