2674 4558
494 277 744 336 suasurum.
925 247 932 258 “
1128 272 1168 336 51

89 398 280 468 iucundissima,
296 415 396 454 uerum
411 398 496 456 etiam
511 399 660 455 utilissima
674 401 748 455 vitae
765 401 883 457 societas
894 403 1022 458 iniretur:
1038 421 1102 458 nam
1115 405 1170 474 pri-

89 487 157 538 mum,
168 469 240 538 quud
252 467 343 523 etiarn
352 466 448 523 Cicero
459 468 508 538 ait,
520 485 555 524 ue
567 485 655 540 genus
667 470 816 524 humanum
824 471 956 540 temporis
967 471 1171 543 longinquitate

89 537 222 606 occideret,
258 541 359 608 rapter
372 537 425 591 boc
440 553 544 592 marem
556 554 619 592 curn
630 537 735 593 femina
746 555 806 593 essa
819 539 1006 610 coniunctus,
1024 540 1124 596 deinde
1140 547 1172 595 ut

88 625 114 662 cx
126 607 174 662 hac
189 621 221 661 ea
242 621 289 660 em
306 605 441 661 societate
452 605 615 661 mortalibus
626 606 764 688 adiutoria
779 608 930 688 senectutis
944 625 997 663 nec
1008 609 1097 664 minus
1109 627 1171 680 pro·

86 675 1171 814 uisutfflbeautuuuteteer

84 813 171 866 mndus
183 816 252 881 erat,
264 811 456 866 necessarium
466 810 522 865 fuit
532 811 695 866 alterutrum
704 811 771 867 foris
780 817 808 867 et
820 813 871 868 sub
882 814 927 867 dio
937 830 1006 883 esse,
1019 815 1067 884 qui
1076 814 1172 869 labore

85 886 107 934 et
115 879 246 934 industria
258 884 437 950 compararet
452 893 525 950 quae
535 879 618 934 tectis
632 881 859 952 reconderentur,
876 883 900 937 si
912 882 1024 954 quidem
1035 884 1080 938 vel
1090 882 1172 938 musti-

85 947 132 1004 cari
141 949 182 1003 sel
193 946 335 1021 navigare
343 948 387 1004 vel
397 947 481 1003 etiam
492 963 595 1020 genere
605 948 659 1003 alio
671 949 809 1020 negotiari
821 967 934 1008 necesse
944 957 1011 1022 erat,
1023 956 1056 1006 ut
1065 952 1172 1022 aliquas

84 1017 216 1073 facultates
233 1016 454 1089 acquireremus.
488 1033 551 1072 cum
562 1033 628 1071 vero
638 1023 754 1089 paratae
769 1035 814 1073 res
826 1019 993 1075 subtectum
1006 1025 1097 1076 ament
1109 1037 1171 1076 con-

84 1091 178 1156 gestae,
199 1086 288 1140 alium
306 1102 402 1142 essee
422 1086 518 1155 ortuit,
539 1087 633 1156 quiet
652 1087 744 1142 illatas
761 1088 911 1143 custodiret
927 1094 956 1143 et
976 1107 1011 1144 ca
1026 1089 1173 1144 conficeret

84 1171 166 1224 opera,
182 1170 256 1224 quae
269 1155 349 1210 domi
365 1104 499 1209 deberent
514 1154 714 1209 administrari:
730 1172 795 1210 nam
812 1161 840 1210 et
854 1155 950 1228 fruges
963 1163 1109 1228 ceteraque
1122 1158 1172 1211 ali·

83 1227 162 1278 menta
172 1222 585 1293 terrestriaindigcbanttecte,
595 1228 624 1278 et
632 1223 728 1279 'ovium
737 1229 944 1296 ceterarumque
953 1227 1091 1306 pecudum
1099 1226 1172 1280 fetus

84 1297 154 1371 utque
169 1291 278 1346 tructus
296 1292 418 1346 clanstro
435 1291 607 1348 custodiendi
625 1295 717 1361 erant,
738 1308 791 1347 nec
806 1293 896 1346 minus
912 1293 1019 1364 rehqua
1034 1295 1172 1364 utensilia,

84 1359 170 1430 qubus
181 1365 232 1414 aut
243 1360 334 1414 alitur
344 1359 485 1415 hominum
500 1363 589 1432 g'enus
601 1361 746 1418 autetiam
759 1361 899 1416 excolitur.
935 1378 989 1432 qua
1000 1377 1031 1416 re
1044 1380 1106 1416 cum
1119 1367 1173 1430 [et]

84 1444 182 1498 operam
194 1433 225 1482 et
240 1427 422 1499 diligentiam
433 1444 479 1498 ea,
496 1445 568 1500 quae
579 1429 785 1500 proposuimus,
802 1429 992 1484 desiderarent
1006 1446 1058 1484 neo
1074 1431 1116 1483 exi
1158 1447 1175 1484 a

84 1495 220 1551 curatoris
237 1495 452 1568 acquirerentur
467 1514 538 1568 quac
555 1497 630 1552 domi
647 1496 778 1552 emtouiri
794 1502 946 1568 oporteret,
966 1498 1039 1566 iure,
1060 1503 1092 1552 ut
1138 1499 1174 1565 xi,

84 1569 170 1620 natura
184 1569 353 1637 comparata
372 1570 415 1620 est
430 1583 512 1636 opera
526 1564 650 1620 mulieris
666 1567 705 1620 ad
720 1565 899 1622 domesticam
915 1566 1102 1638 diligentiam,
1123 1568 1175 1622 viri

85 1638 166 1688 autem
181 1635 219 1688 ad
235 1633 466 1690 exercitationem
480 1633 619 1690 foramem
636 1639 665 1690 et
681 1638 847 1690 extraneam.
866 1631 978 1707 ‘itaque
993 1635 1053 1690 viro
1070 1636 1175 1690 calores

85 1706 109 1755 et
120 1701 222 1774 frigora
237 1702 440 1785 perpetienda,
456 1708 514 1757 tum
531 1703 616 1758 etiam
630 1703 732 1758 itinera
744 1708 772 1757 et
787 1703 896 1759 labores
911 1703 989 1774 pacis
1001 1721 1036 1760 aa
1046 1705 1128 1774 belli,
1144 1704 1175 1759 id

87 1771 320 1826 estrustIcatroms
332 1776 361 1826 et
375 1769 535 1826 militarium
546 1771 756 1841 stipendiorum,
775 1773 842 1827 deus
853 1771 965 1843 tribuit,
977 1773 1086 1828 mulieri
1098 1773 1175 1828 dein·

87 1838 1176 1988 tuttutttbttbttttttthtbb{tumulat

235 1975 242 1990 1
285 1975 292 1990 .
330 1948 379 1991 .·
441 1926 489 1988 ,ιιι
612 1926 649 1989 .⁸.
753 1927 827 1992 us..
893 1926 908 1965 e
983 1927 1176 1993 genraaassr·

88 1977 1177 2116 tutttttdtttltttttttitttdttrabtauit.

90 2113 150 2166 etin
164 2118 263 2185 aperto
279 2113 386 2168 victum
401 2113 597 2183 quaerentibus
617 2131 672 2170 non
687 2131 837 2185 numquam
855 2116 984 2170 iniuriam
1005 2115 1177 2186 propulsare,

89 2180 179 2237 idcirco
188 2180 282 2261 rirum
295 2197 380 2252 quarn
390 2181 533 2262 mufierem
544 2181 612 2237 iecit
623 2183 806 2238 audaciorem.
825 2183 891 2254 quia
901 2200 966 2239 vero
978 2184 1066 2254 partis
1079 2184 1178 2254 opibus

89 2265 165 2319 aequa
175 2249 231 2304 fuit
242 2267 318 2322 opus
328 2266 460 2304 memoria
472 2254 501 2304 et
512 2250 670 2322 diligentia,
681 2269 737 2306 non
748 2252 881 2307 minorem
891 2251 1012 2307 feminae
1024 2269 1108 2322 quam
1119 2253 1178 2306 uiro

90 2333 171 2372 aarum
185 2335 285 2374 rerum
299 2319 399 2373 tribuit
413 2317 621 2388 possessionem.
656 2325 716 2374 tum
736 2319 832 2388 etiam,
854 2321 927 2390 quod
948 2319 1064 2390 simplex
1079 2325 1179 2373 namna

89 2403 136 2440 non
148 2403 241 2442 omnes
262 2403 308 2442 res
324 2387 465 2442 commode
481 2403 526 2441 am
546 2388 612 2442 lecti
627 2388 751 2457 valebat,
768 2387 872 2442 idcireo
884 2389 1001 2442 alterum
1013 2387 1126 2442 alterius
1137 2389 1178 2440 in-

90 2453 286 2526 digerevoluit,
302 2455 440 2526 quoniam,
457 2471 511 2526 quo
543 2456 624 2510 alteri
636 2457 722 2525 deest,
759 2460 850 2511 raesto
861 2456 968 2524 plerum
988 2472 1023 2508 ue
1036 2456 1178 2509 estalteri.

89 2521 187 2578 baecin
200 2523 389 2580 Oeconomico
400 2523 557 2594 Xenophon
575 2529 603 2578 et
614 2524 714 2578 deinde
750 2524 837 2592 icero,
851 2523 974 2592 quicum
1012 2523 1104 2576 atinae
1117 2540 1179 2576 con·

91 2593 217 2648 suetudini
239 2592 369 2661 tradidit,
392 2609 447 2647 nou
468 2591 605 2646 inutiliter
628 2592 823 2646 disseruerunt.
849 2589 1060 2652 ,Columella
1075 2590 1093 2643 l.
1112 2590 1177 2644 XII.

90 2657 172 2716 Praei.
184 2663 208 2733 ξ.
222 2663 312 2717 1-7.
324 2661 454 2731 Xenoph.
467 2659 569 2716 Oecon.
583 2677 606 2714 c.
620 2661 645 2729 7,
658 2660 700 2712 18.

146 2783 175 2848 6.
196 2789 227 2845 in
239 2788 339 2860 primis
356 2789 586 2844 considerandum
599 2787 663 2857 crit,
677 2804 712 2842 an
725 2803 742 2842 a
753 2786 826 2856 vino,
839 2787 875 2842 ab
889 2786 967 2856 escis,
980 2803 997 2840 a
1009 2787 1179 2858 superstitio

91 2863 175 2936 nibus,
191 2884 209 2922 a
220 2882 332 2935 somno,
348 2882 367 2919 a
380 2865 448 2919 viris
458 2864 642 2920 remotissima
654 2863 691 2919 sit
701 2865 817 2933 (vilica),
834 2869 863 2919 ct
873 2868 905 2918 ut
922 2880 988 2919 cura
1000 2881 1061 2920 eam
1073 2865 1180 2934 subeat,

93 2934 151 3002 quid
160 2934 333 3003 meminisse,
350 2934 418 3004 quid
433 2934 463 2988 in
478 2938 618 3004 posterum
629 2934 787 3005 prospicere
800 2933 914 3002 debeat,
931 2936 963 2986 nt
978 2933 1037 2988 fere
1050 2950 1113 2988 eum
1124 2951 1180 2988 mo·

92 3017 143 3057 rem
156 3007 263 3072 servet,
280 3019 362 3072 quem
377 3002 459 3057 vilico
475 3002 680 3073 praecepimus,
700 3002 830 3073 quoniam
845 3002 977 3072 pleraque
999 3002 1100 3056 similia
1121 3018 1181 3056 esse

94 3069 187 3126 debent
196 3073 228 3128 in
239 3072 300 3126 viro
310 3075 395 3142 atque
407 3070 511 3125 femina
523 3076 551 3125 et
565 3075 622 3124 tam
634 3071 737 3125 malum
747 3071 836 3126 vitare
848 3086 931 3140 quarn
942 3069 1095 3140 praemium
1106 3073 1182 3124 recte

94 3136 220 3196 facturum
237 3156 359 3211 sperare.
384 3170 416 3180 ·-
434 3155 468 3194 ea
484 3155 564 3211 porro
580 3139 819 3209 persuasissimum
834 3139 937 3193 habere
955 3136 1069 3192 debebit
1089 3137 1182 3191 autin

95 3209 172 3263 utum
183 3213 234 3266 aut
246 3213 321 3263 certe
334 3207 486 3278 plurimum
498 3207 571 3262 domi
588 3224 617 3262 se
628 3207 730 3262 morari
741 3212 881 3277 oportere,
894 3211 953 3260 turm
965 3205 1065 3276 quibus
1077 3204 1183 3274 aliquid

96 3273 148 3330 ina
205 3277 367 3332 faciendum
380 3276 432 3331 erit
447 3276 546 3344 serris,
563 3292 609 3330 eos
621 3275 696 3330 foras
708 3277 846 3345 emittere,
860 3274 960 3345 quibus
972 3279 1065 3328 autem
1075 3273 1105 3328 in
1116 3273 1183 3328 villa

98 3343 140 3411 qui
166 3347 306 3419 agendum
316 3344 464 3414 ridebitur,
478 3360 524 3398 eos
540 3345 613 3398 intra
628 3344 748 3414 parietes
761 3345 900 3399 confinem
917 3347 1000 3413 atque
1013 3342 1183 3397 animadver-

96 3415 156 3482 tere,
166 3431 201 3470 na
214 3415 314 3468 diurna
326 3414 459 3468 cessando
470 3411 635 3468 frutrentur
647 3429 741 3482 opera,
752 3428 824 3482 quac
836 3413 947 3466 domurn
959 3415 1050 3465 autem
1062 3409 1183 3465 inferun-

96 3483 143 3550 tur,
154 3483 302 3566 diligenter
312 3481 463 3553 inspicere,
479 3498 515 3535 na
527 3480 650 3536 delibata
661 3481 729 3550 sint,
746 3485 775 3535 et
789 3480 830 3534 ita
842 3481 984 3550 explorata
996 3485 1079 3550 atque
1096 3479 1182 3537 iuvio-

97 3545 148 3604 bu
160 3567 299 3622 recupera,
315 3554 375 3604 tum
390 3565 519 3620 separare
536 3566 607 3620 quae
624 3550 810 3604 consumenda
827 3553 891 3602 sunt
907 3553 1023 3620 atquae
1040 3547 1184 3620 superfieri

98 3625 203 3736 possunt
219 3618 372 3688 custodire,
388 3636 424 3674 ne
440 3621 564 3689 sumptus
581 3635 687 3672 annuus
702 3621 857 3672 menstruus
872 3615 931 3670 fiat.
966 3622 1025 3671 turn
1042 3618 1065 3671 si
1078 3617 1139 3688 quis
1151 3632 1184 3670 ex

109 3687 197 3742 anilia
215 3687 339 3758 coeperit
358 3687 475 3742 adversa
490 3686 648 3742 valetudine
668 3685 757 3756 affici,
778 3685 928 3740 videndum
944 3686 996 3739 erit
1011 3691 1043 3740 nt
1062 3686 1185 3755 isquam

99 3755 308 3812 commodissime
323 3755 505 3810 ministretur:
521 3771 587 3809 narn
607 3771 641 3809 ex
655 3754 737 3808 huius
757 3754 832 3809 modi
847 3771 914 3809 cura
928 3753 1052 3809 nascitur
1067 3753 1185 3807 benevo-

98 3819 176 3879 lentia
196 3831 249 3879 nee
268 3823 359 3878 minus
378 3823 548 3893 obsequium.
575 3823 642 3894 quin
658 3823 741 3876 etiarn
761 3823 871 3877 fidelius
887 3839 971 3892 qnam
990 3822 1066 3892 prius
1083 3818 1185 3872 servire

99 3891 214 3963 sudent,
231 3892 279 3962 qui
295 3891 496 3960 convaluerint,
513 3908 576 3946 cum
593 3896 635 3946 est
650 3891 742 3972 aegris
758 3890 884 3946 adhibita
900 3889 1053 3960 diligentia.
1067 3915 1098 3966 -5
1112 3887 1186 3955 quod

100 3959 305 4016 excelsissimum
326 3965 368 4016 est
388 3961 530 4029 conclave,
551 3958 749 4031 pretiosissrma
769 3977 836 4014 vasa
857 3963 886 4014 et
905 3963 1011 4012 vestem
1034 3953 1185 4022 desiderat3

100 4026 166 4095 quu'd
181 4029 247 4084 deni
266 4045 301 4082 ue
316 4029 445 4083 horreum
460 4028 564 4082 siccum
585 4033 668 4098 atque
684 4029 805 4097 aridum,
825 4023 970 4106 frumentis
990 4021 1109 4104 habetur
1127 4021 1186 4076 idc-

99 4111 184 4169 neum,
198 4045 895 4170 quodfrigidum‚commodissimerinumcustod1t3
908 4091 982 4161 quod
990 4091 1061 4146 bene
1072 4091 1187 4160 ullustre,

895 4179 933 4230 4*
