2674 4558
508 273 759 332 FRAGMENTA.
1141 263 1183 330 75

99 400 131 465 rt,
150 392 225 450 siita
242 397 299 463 est,
323 409 396 463 quac
409 393 629 450 controversiae?
668 399 806 464 rseterea,
828 398 877 466 qui
894 413 926 452 eo
941 401 1065 468 tempore
1081 397 1183 454 nobilis

98 463 234 534 Epicureus
257 461 349 516 fuerit
372 463 547 532 Athenisque
574 480 642 534 prae
675 463 728 518 erit
749 464 855 519 hortis?
883 466 933 535 qui
956 467 1041 522 etiam
1063 467 1183 522 Athenis

98 531 220 585 αομιικοὶ
237 529 346 584 fuerint
360 530 499 586 illustres?
523 547 594 600 quae
612 532 696 586 etiam
712 548 745 586 ex
757 533 919 604 Apollodori
935 540 1002 606 puto
1014 551 1095 606 posse
1106 535 1182 592 inve·

96 599 145 655 niri.
178 596 243 654 cis.
256 597 295 652 ad
307 599 369 652 Att.
382 599 451 670 XII,
464 599 540 668 23‚2.

146 670 196 736 24.
219 681 253 730 ut
269 676 310 730 ad
325 692 404 732 meas
419 675 539 748 ineptias
554 675 680 746 redeam,
702 677 785 733 velim
804 695 848 734 me
869 680 1013 736 certiorem
1029 679 1130 748 facias,
1148 680 1181 734 P.

94 752 208 822 Crassus,
225 751 384 809 Venuleius
400 751 488 823 iilius,
504 753 602 809 risone
617 752 652 808 P.
665 751 764 810 Crasso
780 757 929 826 consulturi,
945 761 1025 828 patre
1037 774 1100 825 suo,
1112 775 1183 812 mor·

94 829 145 904 tous
156 822 198 904 sit,
210 826 243 875 nt
255 837 311 893 ego
324 820 482 902 meminisse
494 820 597 903 videor,
615 838 651 876 an
661 827 736 903 post,
753 823 821 878 item
833 840 936 894 quaero
949 826 983 880 de
995 825 1115 898 Regillo,
1128 825 1182 880 Le·

92 889 224 1025 ρρριῖιίἱεο,
241 895 360 945 rectene
375 905 547 946 memmenm
563 895 643 960 patre
659 907 721 946 urvo
733 897 878 948 mortuum.
914 892 980 948 Cio.
994 895 1031 948 ad
1042 895 1101 948 Att.
1114 893 1182 962 XII,

418 1146 456 1200 X.
490 1145 544 1200 DE
562 1144 749 1203 CONSILIIS
769 1147 851 1205 SUIS

238 1230 332 1289 SIVE
350 1230 557 1288 EXPOSITIO
577 1230 840 1291 CONSILIORUM
858 1232 1024 1292 SUORUM.

147 1337 174 1400 1.
195 1347 309 1414 Καῖσαρ
328 1348 374 1395 καὶ
387 1343 512 1415 Κρᾰσοοι
528 1340 614 1400 ἄλλοι
630 1349 682 1412 μὲν
698 1341 821 1411 ἤχθοντο
838 1350 879 1413 τῷ
891 1351 1040 1416 Κικέρωνι,
1060 1341 1185 1410 σπονδὴν

92 1417 112 1471 δ’
124 1410 170 1473 οὖν
180 1441 244 1474 τινα
258 1417 349 1473 αὐτοῦ
362 1423 450 1486 ἔσχον,
469 1419 564 1487 ἐπειδὴ
580 1421 694 1477 πάντων
710 1421 870 1488 καθὴξοντα
883 1420 970 1476 αὐτὸν
981 1418 1120 1489 ᾔσθοντο·
1139 1425 1185 1474 καὶ

91 1487 136 1559 γὰρ
155 1484 169 1542 ὅ
186 1493 298 1558 Καῖσαρ
320 1495 368 1541 καὶ
388 1487 471 1542 ἀπιὸν
488 1486 599 1542 εὔνοιάν
620 1509 683 1543 τινα
699 1489 774 1558 αὐτῷ
791 1487 957 1552 ἐνεδείξατο·
979 1477 1011 1542 οὗ
1027 1493 1124 1558 με’ντοι
1140 1494 1185 1542 καὶ

92 1557 159 1627 χάριν
175 1555 313 1624 οὐδεμίαν
329 1554 492 1624 οἶντέλαβον.
528 1561 632 1614 ἐκεῖνος
643 1556 695 1630 γὰρ
712 1559 797 1612 τοῦτο’
814 1579 844 1612 τε
857 1557 908 1611 οὐκ
922 1556 979 1612 ἀπὸ
994 1557 1103 1630 γνώμην
1116 1561 1186 1628 aeds

95 1624 275 1690 πεποιηκότας
293 1622 376 1680 alter
392 1631 438 1678 καὶ
453 1629 501 1691 siro
512 1630 599 1698 φυγῆς
610 1627 789 1683 αἰτιωτάτονι
800 1633 942 1700 γεγονεναι
958 1629 1081 1696 νομίζων
1093 1629 1123 1678 ἐκ
1134 1628 1186 1693 μὲν

93 1696 135 1744 τοῦ
156 1697 327 1764 προφανοῦς
348 1691 379 1746 οὔ
402 1693 476 1747 πάνυ
499 1693 569 1763 πρὸς
589 1693 690 1751 αὐτοὺς
711 1696 901 1764 ἐθρασύνατο,
925 1690 975 1749 ἅτε
995 1700 1041 1748 καὶ
1059 1697 1119 1748 τῶν
1139 1697 1186 1760 τῆς

93 1758 203 1830 ἀκράτου
218 1767 377 1832 παρρησίας
395 1766 562 1831 ἐαικαρποῖν
577 1769 677 1816 νεωστὶ
695 1769 908 1834 πεπειραμένοι,
925 1762 1036 1834 βιβλίον
1050 1768 1147 1832 μέντοι
1158 1783 1185 1816 τι

94 1827 245 1898 ἀπόρρητον
264 1831 404 1896 συνέθηκε
425 1835 471 1882 καὶ
492 1834 649 1902 δπέγραψεν
665 1829 741 1899 αὐτῷ
761 1831 799 1888 oie
815 1838 860 1886 καὶ
883 1839 960 1902 περὶ
979 1836 1046 1886 τῶν
1061 1833 1184 1885 ἑαυτοῦ

93 1896 331 1964 βουλευμάτων
343 1895 533 1968 ἀπολογισμόν
544 1919 606 1952 τινα
618 1902 715 1965 ἔχοντι.
745 1899 833 1954 πολλὰ
846 1899 876 1954 δὲ
888 1901 921 1966 δὴ
932 1907 978 1954 καὶ
990 1898 1066 1954 δεινὰ
1079 1903 1105 1956 ἐς
1117 1897 1185 1952 αὐτὸ

95 1971 132 2016 καὶ
147 1971 210 2051 περὶ
228 1971 349 2019 ἐκείνων
364 1972 410 2018 καὶ
428 1973 492 2034 περὶ
513 1964 602 2019 ἄλλων
618 1971 703 2020 τινῶν
720 1975 856 2035 συνένησε,
873 1977 919 2022 καὶ
935 1967 981 2022 διὰ
997 1971 1082 2022 τοῦτο
1099 1973 1186 2038 profit]-

96 2033 154 2098 θείς,
165 2056 185 2104 μ
215 2041 264 2088 καὶ
278 2037 385 2100 ζῶντος
396 2032 481 2086 αὐτοῦ
492 2035 769 2108 ἐκφοιτὴσῃ,κατεσημ
780 2038 855 2090 ’νατό
864 2057 895 2091 τε
904 2035 972 2091 αὐτὸ
982 2041 1029 2091 καὶ
1042 2033 1186 2104 παρέδωκε

95 2105 128 2167 τῷ
139 2121 176 2156 πα
206 2102 402 2173 asportatas
414 2103 443 2155 οἱ
452 2101 574 2169 μήτ’ἀνα
593 2106 758 2170 νῶναιμήτε
770 2057 990 2169 §carcassionensi
1003 2108 1184 2176 γεγραμμένα,

98 2175 154 2238 πρὶν
165 2165 200 2223 ἂν
210 2169 378 2243 μεταλλάξῃἸ
413 2167 550 2225 Cassius
561 2125 625 2226 1310
637 2171 776 2242 XXXIX,
791 2173 831 2229 10.

150 2241 180 2306 2.
202 2247 299 2317 uico,
314 2251 408 2318 patres
421 2247 581 2318 conscripti,
597 2249 737 2319 superIore
753 2254 834 2304 nocte
851 2249 993 2304 cmundam
1009 2249 1127 2303 hominis
1138 2263 1185 2302 no·

96 2320 152 2376 bilis
162 2323 277 2378 domum
291 2321 439 2378 Catilinam
450 2324 629 2379 convenisse)
664 2332 713 2382 aut
725 2324 755 2380 Ο.
768 2324 895 2380 Caesaris
907 2330 956 2379 aut
967 2324 1006 2377 M.
1020 2323 1113 2378 Crassi
1125 2324 1186 2388 [do-

96 2394 172 2461 mum]
194 2390 348 2464 significat.
392 2391 493 2446 etenim
513 2392 641 2447 acerrimi
661 2400 690 2448 ct
712 2393 896 2465 potentissimi
916 2393 1028 2446 fuerunt
1048 2389 1188 2446 Ciceronis

96 2457 292 2530 refragatores,
308 2477 370 2513 cum
381 2460 463 2530 petiit
475 2461 658 2530 consulatum,
671 2463 745 2532 quod
758 2463 817 2514 eius
828 2461 859 2514 in
871 2461 930 2514 dies
943 2459 1052 2513 civilem
1064 2475 1186 2513 erescere

97 2525 254 2597 dignitatern
266 2527 536 2596 animadvertebant,
555 2533 583 2582 et
594 2529 647 2583 hoe
658 2529 719 2599 ipse
732 2527 828 2582 Cicero
839 2529 869 2581 in
881 2526 1051 2597 expositione
1063 2525 1188 2581 consilio-

98 2611 151 2650 rum
165 2614 280 2652 suorum
295 2595 442 2668 signifieat.
477 2597 536 2650 eius
553 2611 664 2667 quoque
677 2595 885 2664 coniurationis,
897 2610 971 2664 quae
984 2591 1066 2649 Cotta
1078 2599 1106 2648 et
1118 2589 1187 2648 Tor-

97 2668 174 2786 ffito
185 2682 256 2720 coss.
271 2669 337 2718 ante
349 2681 463 2733 annum,
481 2679 565 2734 quam
576 2665 646 2719 haec
658 2665 826 2733 dicerentur,
842 2663 917 2717 facta
934 2667 977 2717 est
993 2660 1144 2718 aCatilina
1160 2666 1189 2716 et

121 2730 126 2744 '
156 2749 203 2802 ne,
224 2733 323 2804 arguit
342 2732 381 2786 Μ.
395 2731 524 2787 Crassum
539 2737 680 2788 auctorem
695 2731 789 2786 finisse.
824 2731 990 2787 Asconius
1011 2731 1135 2798 adorat.
1157 2731 1187 2786 in

98 2805 158 2871 toga
168 2802 249 2856 eand.
263 2819 293 2872 p.
305 2801 348 2854 83.
361 2801 404 2854 cd.
417 2801 491 2856 Bait.

156 2872 185 2935 3.
208 2877 256 2932 cui
269 2876 343 2932 enim
355 2882 397 2932 est
408 2877 478 2931 illud
489 2877 623 2950 ignotum,
636 2880 711 2948 quod
722 2877 897 2952 Pythagoras
910 2877 1016 2933 ebrium
1028 2879 1188 2932 adulescen-

99 2956 150 3006 tem
168 2953 436 3011 Tauromenitanum
456 2954 624 3028 subphrygii
644 2956 718 3010 modi
739 2974 805 3011 sono
824 2955 968 3020 incitatum
988 2955 1111 3027 spondeo
1127 2971 1188 3008 suc-

100 3020 201 3078 cinente
220 3021 378 3079 reddiderit
394 3023 533 3077 mitiorem
553 3029 582 3078 et
597 3025 641 3078 sui
657 3023 828 3095 compotem?
861 3041 927 3078 nam
947 3041 1009 3077 curn
1025 3027 1144 3076 scortum
1159 3021 1189 3074 in

100 3087 185 3144 rivalis
205 3092 289 3147 domo
305 3096 379 3145 esset
394 3092 518 3146 clausum
534 3097 617 3162 atque
633 3093 680 3147 ille
696 3092 790 3148 furens
807 3094 915 3148 domum
931 3091 1016 3145 vellet
1035 3089 1189 3157 amburere,

101 3172 210 3228 cumque
230 3160 409 3230 Pythagoras
429 3159 570 3216 stellarum
591 3177 698 3230 cursus,
718 3166 749 3215 ut
766 3161 791 3215 ei
806 3177 879 3228 mos,
899 3162 1048 3213 nocturnus
1070 3155 1189 3226 inspice·

100 3231 150 3294 ret,
169 3227 217 3284 ubi
232 3227 371 3282 intellexit
391 3244 457 3284 suno
472 3226 590 3309 Phrygii
606 3229 682 3284 modi
697 3230 841 3284 incitatum
862 3226 956 3282 multis
972 3226 1121 3280 amicorum
1142 3225 1189 3278 ad·

102 3295 291 3350 monitionibus
307 3311 324 3348 a
340 3295 463 3350 facinore
482 3297 602 3352 noluisse
627 3297 774 3366 desistere,
795 3296 896 3350 mutari
915 3295 1027 3350 modum
1047 3293 1191 3365 praecepit

103 3365 178 3430 atque
188 3365 231 3418 ita
241 3362 359 3418 fluentis
371 3363 494 3420 animum
505 3365 690 3420 adulescentis
707 3367 743 3421 ad
760 3371 862 3420 statum
878 3363 977 3419 mentis
994 3362 1189 3433 pacatissimas

102 3431 268 3501 temperavit.
301 3431 376 3500 quod
388 3431 495 3487 scilicet
505 3431 543 3487 M.
556 3433 665 3488 Tullius
677 3437 870 3490 commemorat
880 3433 910 3487 in
922 3447 955 3488 eo
965 3430 1046 3502 libro,
1058 3446 1142 3501 quem
1154 3431 1190 3486 de

103 3507 216 3562 consiliis
227 3507 284 3562 suis
296 3509 458 3580 composuit,
471 3509 551 3564 aliter
561 3510 683 3579 quidem,
696 3511 746 3565 scd
756 3511 809 3566 hue
820 3510 915 3566 modo:
941 3502 998 3569 scd
1019 3513 1056 3569 ut
1083 3503 1190 3586 aliqua

105 3583 302 3654 slmilitudIne
328 3589 486 3654 adductus
512 3590 658 3654 maximis
689 3589 819 3654 minima
846 3588 1023 3666 conferam,
1054 3601 1091 3654 ut
1117 3611 1191 3652 curn
1237 3643 1244 3649 .

105 3669 248 3738 vinolenti
272 3673 491 3740 adulescentes
509 3673 658 3740 tibiarum
676 3675 771 3740 etiam
790 3685 900 3752 cantu,
923 3685 960 3740 ut
975 3675 1027 3748 fit,
1050 3670 1191 3738 instincti
1247 3677 1250 3680 ’

106 3757 237 3823 mulieris
255 3758 391 3844 pudicae
408 3759 493 3824 fores
511 3759 708 3845 frangerent,
732 3760 935 3829 admonuisse
953 3759 1131 3831 tibicinam,
1154 3766 1191 3818 ut

107 3843 273 3924 spondeum
292 3855 433 3921 caneret,
457 3843 659 3932 Pythagoras
677 3845 805 3911 dicitur:
828 3844 915 3929 quod
933 3866 1007 3910 cum
1025 3843 1080 3907 illa
1097 3839 1192 3904 fecis-

109 3937 158 4002 set,
175 3929 322 3994 tarditate
339 3929 506 3994 modorum
519 3941 551 3995 et
563 3930 720 4014 gravitate
733 3931 875 3997 canentis
893 3931 1019 3994 illorum
1033 3926 1192 3990 furentem

108 4013 307 4142 {iustitiam
325 4014 515 4110 consedisse.
549 4014 1190 4111 Boetiusdehsdt.musica1,i.p.184sq.ed.

129 4093 247 4152 rredlern.
277 4101 458 4158 mensuetus
470 4096 681 4169 (pulcherrimae
693 4097 823 4166 tumulae)
835 4095 1061 4167 gloriosissimum
1072 4092 1194 4160 ntulum,
