2674 4558
150 217 190 284 16
492 233 531 288 Μ.
551 232 687 290 TULLII
705 229 905 290 CICERONIS
979 236 997 288 25

146 378 212 442 quo
235 379 269 422 se
291 356 428 424 ostendit
451 377 534 432 esse,
561 377 634 420 oum
655 355 761 441 legem
783 354 965 431 Aureliam,
993 375 1066 420 eum
1093 353 1275 420 Rosciam
1324 385 1325 388 ¹

148 465 213 508 uon
230 443 325 508 modo
344 441 476 528 aceepit,
496 441 552 506 sed
570 443 666 506 etiam
685 440 882 527 efflagitavit.
1324 449 1325 458 ’

250 544 361 597 Auretr‘a
377 545 431 612 leue
448 545 638 596 communicata
654 559 709 596 esse
724 543 820 594 iudicio
835 542 902 594 inter
918 549 1050 594 senatores
1062 549 1086 593 et
1102 549 1271 611 equestrem
1324 541 1325 596 j

200 613 316 666 ordinem
328 621 352 665 et
369 613 484 664 tribunos
496 613 615 664 aerarios
623 610 670 648 Ἠ
683 628 735 680 qua
748 612 779 664 L.
792 610 905 662 Roscius
918 609 982 662 otto
997 609 1097 662 Menate
1109 619 1178 662 eote
1192 627 1269 661 cora·
1324 625 1325 628 ¹

198 682 352 802 §matria
364 681 461 733 theatro
474 689 502 732 ut
515 680 639 750 equitibus
650 680 778 733 Romanis
790 679 883 732 XIIII
891 679 994 730 ordines
1009 678 1147 747 spectandi
1158 678 1269 746 qratia
1324 739 1325 742 Ἴ

96 907 98 914 A
212 835 264 899 29.
286 835 439 900 memoria
453 845 555 911 teneo,
574 856 648 900 oum
666 835 804 920 primum
818 843 979 899 senatores
994 854 1068 898 eum
1082 832 1264 916 equitibus
1324 877 1325 880 κ

150 919 302 986 Romanis
324 921 397 1006 lege
415 919 522 984 Plotia
543 919 735 996 iudicarent,
763 919 923 984 hominem
946 917 1005 984 diis
1029 940 1066 982 ae
1087 917 1264 982 nobilitati

149 1005 356 1153 gerinvisum,
376 1003 437 1070 On.
455 1005 649 1090 Pompeium
667 1027 798 1070 eausam
815 1004 886 1090 lege
905 1004 1005 1070 Varia
1023 1003 1063 1069 de
1080 1003 1262 1069 maiestate
1324 1053 1325 1082 ,

183 1113 278 1156 xrsse.

251 1191 290 1244 M.
306 1191 427 1244 Plautiae
448 1191 583 1254 Silvanus,
606 1189 723 1242 tribanos
740 1189 825 1258 plebis
848 1189 894 1243 en,
916 1189 1040 1257 Pompeio
1061 1189 1196 1242 Strabone
1219 1189 1256 1242 L.

199 1260 296 1312 Porcio
316 1259 413 1312 Oatoae
430 1275 495 1310 coss.
512 1259 624 1310 secundo
642 1275 711 1310 aooo
730 1258 790 1310 tetri
804 1259 904 1323 Italici,
931 1275 988 1309 cum
1004 1267 1120 1326 equester
1137 1258 1207 1310 ordo
1226 1257 1257 1308 ire

201 1328 302 1379 iudiciis
319 1327 508 1390 dominaretur,
525 1327 605 1394 Iegem
623 1327 681 1378 tulit
697 1327 877 1378 adiuvantibus
893 1325 1036 1390 nobilitum
1053 1327 1181 1394 querelem
1199 1326 1256 1378 vim

200 1412 258 1451 eam
269 1396 368 1462 tabuit,
386 1411 464 1466 quam
478 1394 567 1447 Cicero
584 1395 730 1464 siqra'JIcut,⁸
746 1411 808 1447 naor
824 1411 856 1446 ex
872 1411 903 1447 ea
920 1395 974 1462 que
991 1394 1071 1446 tribus
1083 1395 1207 1462 maeatae
1221 1411 1256 1446 aa
1324 1445 1325 1448 ,

200 1481 247 1516 suo
259 1481 365 1516 numero
378 1465 471 1532 quinos
482 1464 561 1515 deone
572 1459 701 1532 suffroye'o
714 1463 846 1528 creabant,
859 1463 906 1531 qai
915 1480 944 1514 eo
957 1479 1027 1515 aooo
1039 1461 1193 1514 iudicarent.
1219 1479 1254 1514 ex
1324 1499 1325 1516 2

199 1549 230 1584 eo
241 1531 341 1599 fuctum
353 1541 402 1651 Zet,
419 1539 448 1584 ut
459 1539 591 1584 senatores
603 1547 704 1600 quoque
720 1532 747 1582 io
759 1549 788 1582 eo
800 1547 907 1583 numero
920 1538 1003 1583 essent
1015 1539 1039 1584 et
1051 1531 1156 1600 quidum
1169 1530 1253 1583 etiam
1324 1535 1325 1594 j

200 1617 232 1652 ea
244 1601 302 1668 ipsa
312 1601 355 1668 pie
371 1617 392 1652 e.

585 1696 795 1706 ...ὴ-

213 1805 265 1870 30.
288 1817 324 1870 ut
342 1805 383 1870 ab
397 1805 475 1870 Iove
493 1805 612 1890 optimo
630 1805 769 1870 maximo
784 1805 960 1890 ceterisque
979 1806 1039 1870 diis
1057 1805 1248 1890 deabusque
1324 1799 1325 1874 ἦ

148 1891 296 1956 omnibus
314 1912 408 1976 opem
426 1901 458 1955 et
476 1890 629 1955 auxilium
647 1903 763 1976 petam.
807 1896 972 1952 Priscian.
986 1897 1089 1966 VII,3,
1103 1898 1144 1951 11.
1324 1911 1325 1918 2

149 2057 183 2112 L·
205 1977 265 2112 (iil.
288 1976 366 2040 nihil
384 1976 507 2041 senatui
526 1976 700 2042 detraxisse
719 1975 921 2070 Cornelium,
950 1983 1139 2037 Arusianus
1150 1999 1178 2052 p.
1191 1981 1246 2036 224

175 2076 204 2111 111
225 2075 276 2112 Gm.
1324 2070 1325 2086 ¹

214 2131 265 2193 32.
290 2153 330 2195 ex
348 2129 602 2230 promulgatione
620 2130 839 2195 trinundinum
857 2131 924 2196 dies
943 2131 984 2196 ad
1002 2129 1168 2196 ferendum
1185 2153 1245 2216 po·

149 2223 309 2300 testesque
327 2226 474 2281 venisset.
510 2220 676 2276 Priscian
690 2221 756 2290 VII,
768 2223 794 2291 3,
806 2223 832 2276 9.
1324 2229 1325 2281 t

213 2300 255 2364 32
265 2301 296 2365 b.
321 2310 363 2360 est
373 2335 408 2347 -
418 2305 570 2378 propositio
581 2307 688 2362 ratione
701 2307 835 2376 subiecta,
847 2311 890 2361 ut:
915 2301 1112 2367 maiestatem
1129 2301 1242 2366 miuuit
1324 2287 1325 2368 i

150 2383 330 2463 Cornelius,
348 2409 423 2450 nam
441 2385 583 2451 eodioem
600 2385 746 2450 tribunus
758 2387 807 2522 XI.
828 2387 897 2522 ifse
915 2409 972 2473 pro
992 2387 1138 2454 contione
1155 2387 1240 2473 legit.

149 2467 260 2532 Quint.
273 2468 324 2538 IV,
333 2467 359 2538 4,
371 2469 397 2523 8.
408 2467 443 2524 ef.
456 2468 611 2524 LVIetor.
623 2468 684 2537 417,
697 2469 730 2523 19
741 2485 755 2523 e
778 2510 783 2522 .
797 2468 843 2523 Ha
854 2488 889 2526 m.
1324 2505 1325 2531 t

213 2539 264 2604 33.
289 2545 362 2616 quod
378 2544 508 2616 —posui
527 2543 644 2615 referre,
665 2562 718 2616 quo
736 2545 858 2616 quidque
879 2551 1021 2606 aecusator
1036 2547 1117 2601 modo
1134 2547 1239 2617 dixerit,

149 2623 203 2676 hue
214 2622 336 2694 pertinet
346 2626 378 2676 ut
390 2621 414 2674 si
423 2620 524 2676 -aeri
536 2625 564 2675 et
575 2622 731 2678 vehementi
743 2623 827 2678 fuerit
838 2641 904 2676 usus
913 2623 1044 2694 oratione,
1058 2623 1172 2676 eandem
1183 2641 1241 2678 rem

149 2699 249 2752 nostrie
263 2698 355 2751 verbis
371 2697 525 2752 mitioribus
541 2698 726 2768 proferamus,
743 2704 775 2753 ut
793 2698 889 2754 Cicero
906 2699 941 2752 de
959 2696 1085 2751 Cornelio
1100 2693 1239 2760 codicem

149 2775 263 2860 attigit.
299 2780 565 2850 Quint.V‚13,25.
579 2781 754 2852 ermae.

214 2859 265 2923 34.
288 2865 318 2918 in
335 2861 499 2919 Corneliana
514 2863 604 2936 prima
619 2882 776 2937 repugnare
794 2866 874 2936 dieit,
904 2871 940 2924 ut
966 2859 1118 2927 divisores
1124 2911 1133 2940 ,
1160 2885 1235 2948 quos

149 2943 277 3010 honoris
295 2945 345 3009 sui
362 2944 522 3009 ministros
541 2967 610 3009 esse
629 2945 782 3022 voluerat,
800 2945 871 3030 lege
890 2945 1029 3011 ambitus
1048 2948 1143 3014 vellet
1159 2949 1235 3015 affli-
1324 2965 1325 3013 t

148 3053 235 3116 gere.
269 3033 683 3106 MartianusCapella468,
696 3037 729 3090 16
742 3036 785 3090 ed.
799 3035 892 3090 Halm.
905 3037 984 3100 (492).
1324 3015 1325 3096 i

215 3115 266 3181 35.
290 3137 373 3200 quae
389 3115 569 3180 intermissa
587 3115 758 3199 compluris
776 3124 885 3180 annos.
906 3120 1012 3176 Prisc.
1025 3123 1091 3194 VH,
1104 3126 1145 3195 17,
1157 3127 1195 3181 86.

213 3201 265 3266 36.
288 3224 366 3266 num
397 3200 492 3266 alicui
521 3199 760 3286 gratificabatur
790 3211 846 3264 aut
879 3200 999 3266 homini
1034 3215 1089 3268 aut
1120 3205 1232 3270 ordini?

148 3282 253 3340 Prisc.
266 3283 347 3352 VIII,
360 3283 402 3354 15,
415 3283 457 3338 22.

213 3354 264 3418 37.
288 3367 437 3440 coeptum
454 3355 552 3440 igitur
569 3377 626 3440 per
640 3319 704 3430 eos,
723 3355 778 3438 qui
792 3354 846 3440 agi
860 3355 1024 3434 volebant3
1043 3357 1175 3423 desitum
1189 3371 1232 3424 est

148 3463 206 3526 per
223 3438 318 3514 hune,
337 3441 393 3524 qui
411 3441 555 3506 decessit.
599 3445 705 3501 Prisc.
719 3447 756 3515 X,
770 3447 794 3516 t,
806 3446 842 3501 40
854 3453 881 3500 et
893 3449 918 3518 9,
931 3447 972 3502 55.

149 3523 276 3664 Vffl3i{.5
288 3526 459 3662 οὸἱέουωὶιὶε
475 3525 585 3590 rostris
600 3525 775 3592 eicerentur
791 3525 954 3612 lapidibus·
965 3524 1118 3594 homines.
1135 3535 1230 3590 Prisc.

213 3648 265 3742 39.
278 3648 454 3754 'perdurante
476 3685 700 3740 transmotionem
723 3685 836 3756 quidam
859 3685 932 3741 inter
954 3685 1059 3759 figuras
1081 3688 1228 3757 nominavit,

147 3779 211 3818 eum
225 3777 314 3816 rema
329 3761 409 3816 nobis
424 3762 479 3816 alio
494 3767 718 3832 transmovemus,
734 3779 789 3816 non
805 3763 846 3816 ita
860 3767 893 3817 ut
907 3762 948 3817 ibi
965 3779 1077 3818 eausam
1093 3765 1228 3820 constitua·

147 3847 208 3885 mus
219 3860 254 3871 -
265 3829 388 3900 alioquin
402 3830 459 3885 iam
474 3848 529 3885 non
544 3830 636 3913 figura
647 3831 712 3900 erit,
730 3831 780 3884 sed
796 3831 903 3901 speeIes
919 3831 1057 3901 quaedam
1069 3832 1127 3887 eius
1142 3837 1227 3902 status,

148 3915 231 3968 quem
247 3898 388 3969 qualitatis
403 3904 452 3953 aut
467 3917 500 3954 ex
517 3900 653 3956 accidenti
669 3900 812 3980 appellent
828 3901 978 3954 seeundum
994 3899 1187 3972 Hermagoran
1197 3933 1226 3942 -

147 3971 269 4021 ueterum
281 3966 357 4037 alibi,
368 3966 399 4022 in
410 3972 487 4039 parte
500 3968 594 4038 aliqua
605 3969 735 4024 oratioms
747 3967 911 4022 sententiam
922 3967 975 4022 hoe
986 3969 1067 4022 modo
1079 3968 1225 4040 figuramus,

148 4034 237 4104 quatis
250 4039 292 4089 est
303 4035 377 4106 apud
389 4035 604 4092 Demosthenem
616 4036 738 4108 (XVIII,
752 4037 794 4104 18)
810 4065 845 4076 -
859 4037 915 4092 tale
928 4040 957 4092 et
967 4035 1038 4090 illud
1049 4053 1099 4108 pro
1112 4036 1226 4093 Cornelio
