2674 4558
171 192 215 258 14
388 171 394 177 ’
441 169 449 174 ’
512 200 552 254 M.
571 197 707 255 runnu
726 193 926 252 cressonis

276 344 302 380 c.
323 325 405 395 paulo
414 332 483 394 post.
513 323 563 375 duo
575 320 681 388 suerunt
692 337 721 373 eo
735 329 847 388 tempore
857 315 1023 382 Dolabellae,
1037 328 1146 384 quorum
1162 312 1314 364 alterum

227 397 256 451 0.
272 397 371 450 Caesar
382 393 527 458 accusauit,
544 393 655 444 alterum
666 389 706 443 M.
719 391 846 444 Scaurus.
882 386 905 438 l.
922 386 970 437 lroc
985 385 1068 436 solum
1085 381 1125 434 lu'c
1141 389 1314 434 annotans

223 467 286 520 dum
297 473 343 531 est,
354 464 426 516 ltuuc
433 477 488 514 esse
499 461 532 514 L.
544 460 692 525 Susannam,
705 458 751 532 qui
760 473 803 510 res
814 456 950 510 Romanas
961 453 1073 522 scripsit.

239 542 290 608 19.
313 563 412 626 quare
436 563 509 605 cum
531 539 617 603 hunc
639 539 777 624 populus
794 535 960 601 Romanus
983 532 1120 610 videret,
1143 540 1180 596 et
1207 537 1314 610 cum

176 654 195 694 a
212 629 349 694 tribunis
366 626 453 712 plebi
472 627 640 690 doceretur
658 623 813 688 ambitum
831 621 893 684 nisi
915 641 1019 706 poena
1037 617 1238 684 accessisset
1257 619 1314 680 in

176 715 345 788 divisores,
372 712 516 797 extingui
540 756 664 774 .......
686 708 775 773 nullo
803 707 898 771 modo
922 728 1030 790 posse,
1058 706 1165 789 legem
1196 703 1314 766 hano

176 798 318 866 Cornelii
334 797 511 883 flagitabat,
529 797 627 872 illam,
642 816 726 878 quse
740 817 779 858 ex
793 803 922 858 senatus
937 791 1082 856 consulto
1100 790 1314 864 ferebatur,

175 884 380 972 repudiabat,
406 882 502 966 idque
528 881 612 958 iure,
638 892 675 944 ut
700 879 786 944 docti
813 900 922 943 sumus
947 876 1083 942 duorum
1107 875 1308 940 consulum

177 971 414 1056 designatorum
433 966 649 1032 calamitate*
668 965 686 1000 '³

237 1065 289 1130 20.
312 1075 348 1128 ut
370 1063 590 1150 spectaculum
616 1060 696 1125 illud
721 1057 870 1146 [duorum
894 1057 1134 1142 designatorum
1161 1077 1314 1130 consu-¹

176 1154 243 1216 lum
267 1145 461 1234 calamitate]
481 1171 516 1212 re
539 1158 571 1212 et
592 1159 735 1232 tempore
759 1144 885 1208 salubre
908 1165 946 1207 ac
968 1141 1200 1220 necessarium,
1225 1165 1314 1228 ge-¹

176 1259 253 1302 nere
271 1247 303 1301 ct
321 1237 467 1320 exemplo
485 1234 637 1299 miserum
655 1254 693 1296 ac
710 1232 873 1296 funestum
891 1229 1081 1294 videremus.

281 1330 408 1382 eteoclem
424 1329 456 1380 tle
471 1345 504 1380 re.
513 1329 596 1396 paulo
608 1333 678 1395 post.
714 1326 745 1377 P.
758 1325 860 1392 Syllam
877 1331 900 1374 et
917 1323 949 1374 P.
961 1323 1120 1376 Autronium
1135 1321 1296 1444 siynglcat,
1313 1297 1314 1306 ἶ

229 1415 340 1468 quorum
353 1399 463 1451 alterum
475 1397 508 1449 L.
522 1397 610 1462 Cotta,
628 1397 738 1447 alterum
751 1393 783 1445 L.
797 1394 954 1460 Torquatus,
967 1392 1023 1461 qui,
1040 1408 1099 1444 cum
1110 1391 1174 1443 lraec
1218 1391 1294 1442 'cero

230 1466 341 1534 dicebat,
359 1467 476 1518 causales
493 1473 580 1530 erant,
603 1463 712 1514 ambitus
728 1463 887 1513 dautuaraat
902 1467 926 1511 et
942 1461 970 1513 iu
986 1475 1074 1512 eorum
1094 1462 1181 1512 locum
1199 1459 1299 1512 creati

231 1542 315 1676 eiiii·
324 1611 403 1695 quid
429 1632 490 1696 ego
517 1631 604 1674 nuuc
635 1609 694 1672 tibi
721 1607 916 1693 argumentis
944 1607 1156 1692 respondeam
1183 1601 1314 1692 posse

179 1697 263 1775 fieri,
285 1709 322 1762 ut
344 1697 424 1760 alius
448 1696 563 1779 aliquis
583 1692 752 1760 Cornelius
774 1693 830 1768 sit,
853 1693 909 1776 qui
927 1691 1043 1758 habeat
1061 1692 1292 1757 Philerotem?

179 1805 231 1849 res
254 1829 378 1847 .......
402 1783 532 1868 volgare
558 1803 676 1846 nomen
702 1801 771 1844 esse
793 1777 981 1856 Philerotis,
1009 1776 1177 1844 Cornelios
1205 1799 1288 1843 vero
1313 1839 1314 1866 2

179 1871 226 1934 ita
241 1869 370 1945 multos,
388 1878 424 1931 ut
441 1867 505 1932 iam
523 1867 619 1932 etiam
638 1864 808 1950 collegium
822 1865 1029 1930 constitutum
1048 1866 1107 1930 sit?

283 1959 432 2030 frequenter
448 1968 501 2012 tum
518 1961 595 2011 etiam
612 1967 697 2010 coetus
712 1957 882 2024 factiosorum
899 1957 1029 2010 homiuum
1045 1959 1100 2010 siue
1112 1958 1222 2027 publica
1234 1973 1288 2010 au·
1313 2021 1314 2026 Ἰ

233 2030 351 2082 ctoritate
371 2028 441 2080 malo
460 2028 566 2097 publico
585 2027 694 2097 fiebant,
717 2028 914 2096 propterquod
929 2035 1023 2098 postea
1040 2027 1149 2095 colleqia
1165 2028 1195 2080 S.
1211 2027 1240 2079 C'.
1261 2035 1288 2078 et
1313 2071 1314 2076 ,

229 2097 351 2166 pluribus
366 2096 463 2165 leuibus
479 2105 539 2148 suut
554 2097 670 2160 sublata,
683 2103 790 2163 praeter
802 2111 892 2165 pauca
909 2105 986 2166 atque
998 2105 1081 2162 cata,
1099 2112 1167 2166 quae
1182 2096 1287 2147 utilitas
1313 2097 1314 2106 ’

234 2163 344 2217 ciuitatr's
356 2165 525 2218 desiderasset
537 2166 556 2232 †
567 2165 651 2234 quasi,
665 2173 692 2217 ut
703 2163 840 2230 fabrorum
851 2165 1030 2235 fictorumque.
1308 2159 1314 2172 ⁴

247 2243 299 2307 22.
322 2253 356 2308 at
374 2244 459 2308 enim
477 2244 611 2310 extremi
629 2265 667 2308 ac
686 2243 864 2309 difficillimi
882 2246 1033 2331 temporis
1052 2267 1164 2311 vocem
1182 2245 1283 2321 illam,
1313 2227 1314 2248 ³

183 2327 223 2395 Ο.
249 2325 394 2408 Corneli,
422 2331 586 2396 consulem
613 2330 738 2395 mittere
767 2331 913 2416 coegisti,
941 2331 996 2414 qui
1023 2353 1091 2396 rem
1117 2330 1281 2416 publicam
1313 2333 1314 2415 t

183 2415 305 2488 salvam
324 2438 394 2480 esse
412 2417 541 2494 vellent,
559 2425 596 2481 ut
613 2416 654 2481 ad
671 2417 777 2502 legem
796 2417 1013 2502 accipiendam
1032 2417 1189 2482 adessent.

285 2509 357 2575 Piso,
369 2508 416 2579 qui
426 2511 518 2563 consul
529 2509 615 2562 eodem
628 2526 698 2562 anuo
710 2509 833 2579 fuitque
848 2511 982 2564 Cornelius
995 2509 1203 2576 tribunusplebis
1214 2517 1280 2574 erat,
1313 2523 1314 2550 1

235 2594 293 2630 cum
306 2578 385 2646 leuem
397 2579 429 2630 cle
440 2580 535 2631 ambitu
548 2595 579 2632 eu
591 2579 661 2632 soto
672 2579 833 2648 cruciarem,
852 2594 931 2648 quum
942 2577 1031 2644 fuerat
1043 2585 1133 2642 autea,
1145 2575 1238 2644 ferret,
1257 2587 1279 2630 et

231 2654 342 2715 propter
364 2643 551 2700 multitudinem
574 2647 723 2714 divisorum,
748 2648 794 2718 qui
812 2663 862 2714 per
882 2646 931 2698 uim
953 2645 1166 2711 adversabantur,
1190 2645 1279 2711 eforo
1313 2695 1314 2698 ,

234 2713 328 2765 eiectus
340 2723 412 2779 esset,
425 2716 540 2768 ediceret
551 2715 586 2780 id,
600 2716 669 2784 quod
682 2717 771 2768 Oicerc
783 2715 921 2784 siauificat,
935 2721 958 2766 et
970 2713 1069 2766 maiore
1079 2727 1159 2764 manu
1171 2711 1279 2781 stipatus

236 2781 271 2834 ad
282 2781 361 2848 leuem
370 2781 555 2848 perferendam
568 2784 741 2837 descenderat.

160 2916 163 2928 .
237 2857 302 2922 23.
319 2881 347 2922 a.
370 2869 493 2923 vestros
512 2860 633 2924 animos
650 2871 781 2946 propter
797 2859 881 2924 illius
900 2859 1017 2924 tribuni
1036 2857 1138 2944 plebis
1148 2863 1278 2926 temeri·
1313 2831 1314 2836 ἵ

184 2954 283 3012 tatem
301 2965 394 3030 posse
413 2944 544 3022 adduci,
562 2955 598 3008 ut
616 2945 783 3010 omnino-a
801 2945 998 3010 restitutione
1016 2945 1100 3009 illius
1117 2949 1276 3032 potestatis
1313 2965 1314 2972 ¹

185 3030 418 3108 abalienentur3
455 3031 485 3094 b.
510 3031 565 3114 qui
585 3032 793 3097 restituerunt
814 3053 886 3094 eam
913 3041 1118 3117 potestatem,
1146 3031 1272 3097 alterum
1313 3043 1314 3124 }

184 3115 264 3182 nihil
281 3137 381 3180 unum
399 3137 493 3201 posse
511 3126 621 3182 contra
638 3117 766 3195 multos,
784 3116 920 3182 alterum
937 3118 1033 3203 longe
1051 3117 1172 3184 abesse.

288 3225 313 3261 a.
331 3209 432 3278 plebem
453 3225 484 3262 ea
500 3209 652 3262 Maniliana
673 3210 817 3279 offensione
835 3210 929 3263 rictam
950 3219 974 3264 et
995 3213 1118 3264 domitam
1137 3227 1190 3264 esse
1207 3213 1271 3264 dicit.
1313 3211 1314 3236 ³

238 3277 260 3328 lt.
273 3276 439 3344 manifestum
446 3287 512 3346 puto
525 3295 579 3331 esse
591 3277 668 3345 voda,
680 3279 721 3332 M.
732 3279 856 3332 Crassum
868 3287 893 3332 et
906 3280 953 3334 Ga.
963 3281 1115 3347 Pompeium
1126 3281 1270 3352 siyuificari,
1313 3281 1314 3308 ³

237 3362 251 3396 e
270 3345 361 3414 quibus
379 3347 491 3400 ausus
511 3345 587 3400 iudea
603 3355 656 3398 tum
672 3347 774 3400 sedehat
790 3348 818 3402 iu
837 3347 998 3416 Cornelium,
1015 3349 1154 3416 Pompeius
1169 3348 1194 3401 iu
1210 3349 1270 3402 Asia
1313 3345 1314 3354 ’

238 3413 332 3466 bellum
343 3414 547 3469 ltlitltridaticum
558 3415 671 3484 cerebra
1313 3419 1314 3424 ’

249 3491 301 3555 24.
324 3502 413 3558 tanta
438 3493 537 3578 igitur
562 3496 596 3558 in
620 3493 682 3558 illis
705 3495 805 3559 virtus
828 3493 904 3572 fuit,
931 3505 968 3561 ut
994 3517 1078 3560 anno
1100 3495 1186 3562 XVI
1204 3507 1269 3580 post
1313 3497 1314 3568 ξ

185 3598 278 3662 reges
297 3589 424 3643 exactos
443 3590 572 3665 propter
588 3580 718 3644 nimiam
734 3580 982 3647 dominationem
1000 3581 1175 3667 potentium
1191 3603 1269 3647 eece·
1313 3605 1314 3667 ᾗ

186 3663 311 3740 decent,
337 3665 426 3750 leges
453 3677 592 3731 sacratas
619 3667 680 3750 ipsi
704 3667 764 3732 sibi
785 3667 1001 3744 restituerent,
1030 3667 1110 3732 duos
1137 3666 1267 3730 tribunos
1313 3671 1314 3752 l

186 3760 340 3826 crearent,
357 3761 499 3814 montem
515 3751 605 3816 illum
623 3763 710 3816 trans
720 3752 890 3830 Anienem,
909 3753 965 3838 qui
981 3752 1075 3818 hodie
1088 3775 1177 3818 mons
1189 3775 1268 3817 sacer
1313 3753 1314 3824 l

184 3835 381 3912 nominatur,
407 3835 442 3901 in
463 3857 527 3919 quo
550 3837 663 3902 armati
686 3839 910 3914 consederant,
937 3848 1085 3905 aeternae
1111 3837 1267 3904 memoriae
1313 3841 1314 3906 l

186 3941 284 3984 causa
302 3932 533 3986 consecrarent.
559 3921 668 4006 itaque
686 3923 850 4008 auspicato
867 3936 995 4010 postero
1014 3947 1097 3989 anno
1111 3923 1147 3988 X
1164 3923 1265 3989 tribuni

184 4004 274 4091 plebi
291 4006 425 4072 comitiis
444 4007 572 4073 curiatis
592 4008 688 4074 creati
707 4022 790 4074 sunt.
1313 4007 1314 4084 l

1313 4097 1314 4126 l
