2674 4558
139 247 183 312 52
480 258 518 312 M.
538 258 673 314 TULLII
692 257 892 316 CICERONIS

140 378 270 451 fragilem
286 377 485 450 supellectilem
501 383 584 449 atque
601 395 635 433 ea
671 379 772 434 ostulat
784 393 876 449 opera,
895 393 967 448 quae
982 377 1062 432 multi
1073 377 1184 431 luminis
1198 376 1250 430 in-

142 449 245 519 digent.
259 477 291 488 ·-
307 464 373 501 nam
386 453 467 502 vetus
487 452 531 500 est
549 397 733 518 proverdium,
749 451 943 527 paupertatem
963 445 1144 502 certissimam
1166 461 1247 512 esse,

142 534 205 570 cum
216 515 331 570 alicuius
342 515 401 570 indi
423 531 482 584 eas,
499 515 540 569 uti
552 532 585 570 eo
596 531 652 570 non
662 533 756 598 posse,
774 531 839 585 quia
850 515 1003 586 ignoretur,
1024 513 1074 568 ubi
1084 513 1249 584 proiectum

141 586 234 639 iaceat
248 585 324 655 qnod
339 532 518 638 desiderem.
551 583 648 655 itaque
663 602 693 638 m
708 599 738 638 re
755 583 885 638 familiari
905 583 1067 637 laboriosior
1086 585 1130 636 est
1148 581 1247 652 negli-

142 653 238 724 gentia
250 669 333 722 quam
345 653 498 723 diligentia.
535 653 595 722 quis
608 653 681 707 enirn
693 652 802 706 dubitet
817 651 886 704 nihil
898 667 958 706 esse
969 649 1111 720 pulchrius
1122 649 1247 704 inomni

142 722 248 776 ratione
260 721 333 776 vitae
345 720 523 790 dispositione
534 725 619 790 atque
631 720 744 774 ordine?
767 719 841 790 quod
853 719 937 774 etiam
947 719 1061 774 ludicris
1073 717 1248 788 spectaculis

142 791 209 844 licet
219 805 303 858 saepe
315 805 489 869 cognoscere.
513 805 578 842 nam
588 789 638 843 ubi
650 789 748 843 chorus
760 788 917 842 canentium
927 805 982 841 non
993 787 1031 841 ad
1043 791 1131 842 certos
1142 785 1246 844 modos

142 873 232 928 neque
253 873 373 912 numeris
388 857 551 979 AEraeeuntis
571 857 697 928 magistri
719 857 867 926 consensit,
892 856 1032 910 dissonum
1052 855 1185 924 quiddam
1207 869 1246 907 ac

142 926 339 980 tumultuosum
351 941 388 978 au
409 926 414 938 '

142 995 196 1049 bus
210 995 286 1047 velut
305 993 381 1048 facta
397 993 598 1064 conspiratione
615 993 752 1048 consensit
768 997 851 1063 atque
868 991 1018 1074 concinuit,
1035 1008 1069 1046 ex
1084 991 1143 1044 eius
1162 989 1244 1044 modi

142 1079 241 1116 vocum
253 1062 398 1116 concordia
413 1079 468 1117 non
479 1062 567 1116 solum
580 1062 650 1132 ipsis
663 1061 825 1116 canentibus
837 1061 955 1115 amicum
969 1060 1101 1132 quiddam
1114 1063 1142 1112 et
1157 1058 1244 1113 dulce

143 1139 265 1198 resonat,
277 1147 373 1184 verum
385 1130 469 1184 etiam
481 1135 637 1212 spectantes
649 1130 847 1200 audientesque
863 1129 1013 1183 laetissIma
1023 1128 1164 1198 voluptate
1175 1143 1243 1208 per-

143 1199 304 1253 mulceatur.
339 1199 397 1252 iam
415 1215 481 1253 vero
500 1216 530 1253 m
550 1198 672 1253 exercitu
691 1214 781 1268 neque
801 1198 879 1252 miles
899 1213 990 1267 neque
1008 1197 1159 1267 imperator
1178 1211 1243 1249 sine

143 1267 238 1321 ordine
251 1283 285 1320 ac
296 1266 474 1337 dispositione
486 1267 635 1337 quidquam
647 1267 721 1321 valet
733 1267 878 1336 explicare,
892 1283 954 1320 cnm
966 1270 1086 1319 annania
1096 1265 1241 1332 inermem,

144 1332 1242 1474 tttttpttttrsttttttittttattattatidebilitata

144 1472 227 1526 valet.
262 1488 327 1526 nam
338 1471 388 1524 ubi
398 1476 549 1542 tempestas
563 1473 676 1526 incessit
688 1475 716 1524 et
732 1476 775 1525 est
785 1471 838 1526 rite
850 1470 983 1541 disposita
994 1470 1085 1538 naris,
1098 1486 1146 1522 suo
1154 1469 1240 1539 ,qnid-

144 1555 198 1610 que
210 1540 306 1593 ordine
317 1540 438 1594 locatum
447 1543 645 1594 armamentum
654 1539 712 1593 sine
724 1539 908 1620 trepidatione
919 1538 1044 1592 minister
1056 1538 1163 1606 promit,
1176 1553 1241 1591 cum

145 1612 188 1662 est
202 1623 220 1660 a
235 1607 419 1686 gubernatore
440 1608 615 1676 postulatum.
656 1606 730 1677 quod
750 1625 775 1660 sr
793 1612 902 1660 tanturn
921 1607 991 1660 haec
1011 1611 1126 1676 possunt
1145 1605 1190 1659 vel
1209 1605 1240 1659 in

143 1675 259 1728 theatris
274 1675 320 1728 vel
334 1675 364 1730 in
381 1674 544 1730 exercitibus
560 1675 606 1729 vel
621 1675 705 1729 etiam
719 1675 749 1728 in
760 1674 891 1746 navigiis,
907 1675 976 1728 nihil
988 1674 1103 1730 dubium
1114 1679 1158 1728 est
1172 1673 1240 1744 quin

145 1759 210 1796 cura
225 1742 325 1798 villane
341 1743 464 1796 ordinem
480 1743 522 1796 dis
543 1743 740 1813 ositionemque
755 1760 859 1812 rerum,
876 1758 945 1813 quas
955 1743 1077 1814 reponit,
1092 1741 1238 1796 desideret.

144 1827 209 1865 nam
225 1815 253 1865 et
268 1827 353 1865 nnum
372 1811 500 1881 quodque
516 1761 625 1866 ddcilius
642 1811 841 1881 consideratur,
863 1829 925 1866 cum
942 1817 984 1866 est
999 1811 1170 1883 assignatum
1189 1827 1239 1864 suo

143 1880 218 1948 loco,
235 1885 263 1932 et
275 1879 299 1934 si
315 1879 381 1950 quid
397 1878 468 1933 forte
480 1879 573 1948 abest,
589 1879 650 1950 ipse
665 1897 769 1934 vacuus
781 1881 857 1935 locus
869 1881 1010 1950 admonet,
1027 1885 1059 1933 ut
1070 1880 1144 1960 quod
1161 1879 1240 1932 deest

143 1947 306 2017 requiratur.
343 1947 366 2000 si
382 1947 450 2017 quid
464 1964 529 2002 vero
542 1948 631 2001 curari
643 1953 692 2002 aut
708 1948 864 2003 concinnari
875 1953 995 2019 oportet,
1011 1948 1121 2003 facilius
1131 1948 1238 2003 intelle·

144 2017 232 2087 gitur,
253 2033 315 2070 cum
331 2016 427 2070 ordine
447 2033 495 2069 suo
511 2022 676 2071 recensetur.
713 2017 748 2071 de
764 2017 864 2086 quibus
880 2017 1005 2072 omnibus
1021 2016 1060 2070 M.
1078 2013 1175 2071 Cicero
1190 2033 1238 2070 au-

144 2085 299 2138 ctoritatem
309 2083 500 2154 Xenophontis
512 2090 622 2138 secutus
633 2084 849 2140 inOeeonomico
861 2086 901 2140 sic
912 2085 1019 2140 inducit
1029 2084 1239 2139 Ischomachum

145 2151 297 2206 sciscitanti
309 2151 417 2207 Socrati
427 2157 597 2208 narrantem:
604 2154 781 2234 praeparatis
793 2154 899 2209 idoneis
910 2155 978 2209 locis
989 2155 1198 2208 instrumentum
1211 2159 1239 2206 et

145 2220 345 2290 supellectilem
357 2220 520 2276 distribuere
533 2237 672 2292 coepimus
684 2237 718 2276 ac
729 2223 848 2293 primum
860 2240 894 2277 ea
905 2223 1078 2292 secrevimus,
1091 2222 1189 2304 quibus
1201 2222 1238 2275 ad

144 2305 189 2342 res
201 2287 308 2343 divinas
321 2289 362 2342 uti
377 2289 508 2370 solemus3
524 2295 621 2371 postea
632 2291 764 2372 mundum
775 2291 949 2373 muliebrem,
961 2292 1014 2413 lqui
1025 2292 1063 2373 ad
1078 2292 1138 2345 dies
1153 2289 1238 2344 festos

145 2361 332 2437 comparatur,
349 2358 450 2412 demde
466 2358 502 2412 ad
515 2361 582 2412 bella
593 2360 712 2428 nrrlem3
729 2365 797 2414 rtem
813 2361 919 2414 dierum
931 2377 961 2414 so
984 2377 1102 2414 smmum
1114 2363 1238 2414 ornatum

145 2441 197 2480 nec
212 2442 302 2480 mmus
319 2426 500 2481 calciamenta
514 2427 624 2498 utrique
640 2429 718 2482 sexui
736 2429 941 2498 ¹convenIentia3
962 2434 1021 2482 tum
1040 2429 1098 2482 iam
1117 2444 1238 2481 seorsum

145 2509 222 2548 arma
242 2511 276 2548 ac
291 2495 349 2549 tela
364 2495 568 2566 seponebantur
583 2495 656 2552 etin
672 2497 760 2551 altera
774 2502 854 2568 parte
869 2498 1061 2566 instrumenta,
1082 2496 1182 2567 quibus
1201 2495 1238 2548 ad

145 2561 267 2616 lauificIa
281 2567 403 2618 utuntur.
438 2569 513 2634 post,
531 2564 630 2634 quibus
642 2565 679 2618 ad
691 2565 783 2620 cibum
795 2566 1008 2636 comparandum
1019 2564 1092 2619 vasis
1108 2565 1149 2618 uti
1165 2580 1236 2618 asso·

145 2633 211 2699 lent,
225 2631 472 2700 constituebantur3
484 2632 559 2702 inde,
572 2649 643 2703 quae
655 2633 880 2702 adlevationem,
893 2649 964 2702 quae
977 2633 1013 2685 ad
1025 2633 1236 2700 exornationem,

146 2715 217 2769 quae
230 2699 267 2752 ad
282 2716 405 2752 mensam
421 2700 588 2755 cotidianam
604 2707 687 2771 atque
703 2702 889 2771 epulationem
901 2700 1051 2770 pertinent,
1065 2701 1236 2768 exponeban-

145 2773 197 2820 tur.
233 2771 330 2836 postea
342 2783 376 2822 ex
384 2767 433 2836 iis,
447 2768 546 2837 quibus
558 2769 658 2824 cotidie
670 2769 784 2836 utimur,
797 2768 871 2837 quod
882 2772 1050 2820 menstruum
1062 2772 1146 2834 esset,
1160 2783 1188 2820 se
1209 2785 1236 2820 o-

145 2834 258 2902 suimus,
271 2851 391 2888 annuum
403 2851 511 2905 quoque
522 2836 552 2889 in
564 2838 633 2890 duas
644 2841 738 2906 partes
750 2836 898 2890 divisimus.
926 2850 991 2887 nam
1002 2833 1043 2886 sic
1054 2833 1143 2886 minus
1155 2786 1236 2904 sedit,

146 2902 193 2972 qui
206 2901 293 2954 exitus
305 2901 413 2955 futurus
425 2902 468 2956 sit.
497 2903 567 2957 haec
598 2909 724 2973 ostquam
736 2903 826 2958 omnia
838 2901 1011 2970 secrevimus,
1023 2905 1082 2954 tum
1094 2919 1142 2954 suo
1155 2919 1236 2972 quae-

146 2986 200 3040 que
216 2970 276 3024 loco
293 2969 488 3041 disposuimus3
506 2921 618 3040 deinde,
636 2971 735 3041 quibus
752 2971 851 3026 cotidie
868 2969 969 3024 servuli
980 2974 1105 3038 utuntur,
1118 2986 1189 3040 quae
1201 2973 1236 3026 ad

145 3037 279 3108 lanificia,
292 3055 364 3108 quae
376 3039 413 3093 ad
424 3037 529 3093 cibaria
541 3041 684 3108 coquenda
696 3044 724 3093 et
736 3037 906 3093 conficienda
938 3037 1067 3108 ertinent,
1080 3039 1150 3094 haec
1161 3039 1235 3111 ipsis,

147 3108 195 3177 qui
206 3107 249 3160 his
260 3107 302 3160 uti
314 3108 414 3176 solent,
430 3106 593 3162 tradidimus
610 3113 638 3161 et
653 3107 702 3163 ubi
713 3123 748 3162 ca
762 3111 897 3178 ponerent
928 3107 1152 3162 emonstrarimus
1165 3114 1193 3162 et
1206 3117 1237 3164 ut

146 3176 224 3230 salva
235 3180 328 3230 essent
338 3175 537 3256 praecepimus.
574 3176 673 3245 quibus
691 3180 783 3230 antem
795 3175 832 3229 ad
844 3175 904 3230 dies
915 3174 1001 3230 festos
1013 3179 1042 3230 et
1052 3177 1089 3230 ad
1099 3177 1150 3230 hos
1170 3177 1235 3231 itum

147 3243 296 3297 adventum
306 3255 408 3298 utimur
420 3248 448 3297 et
463 3243 500 3296 ad
517 3245 654 3314 quaedam
667 3260 731 3298 rara
742 3244 868 3316 negotia,
885 3245 955 3300 hacc
968 3261 1065 3326 promo
1076 3246 1149 3300 tradi
1171 3247 1235 3300 ’mus

148 3316 176 3365 et
186 3311 248 3366 loca
259 3312 380 3366 omnium
392 3311 634 3366 demonstravimus
647 3316 676 3367 et
690 3312 782 3367 omnia
798 3313 1036 3368 adnumerammus
1052 3318 1136 3385 atque
1153 3315 1235 3368 adnu-

147 3384 253 3434 merata
268 3380 322 3450 ipsi
339 3379 542 3450 exscripsimus,
560 3396 676 3450 eumque
692 3380 890 3452 admonuimus,
906 3385 950 3451 ut,
968 3383 1158 3452 quodcumque
1170 3399 1235 3454 opus

418 925 526 979 entibus
539 941 638 980 canere
648 925 769 979 ridetur:
787 929 817 978 at
828 924 877 978 ubi
888 925 971 978 certis
982 923 1103 977 numeris
1114 938 1148 976 ac
1159 922 1244 993 pedi·
1334 925 1335 930 ’

1293 167 1302 188 ⁴

148 3452 229 3516 esset,
242 3448 332 3517 sciret,
344 3449 418 3502 unde
430 3449 517 3518 daret,
530 3452 559 3503 et
569 3449 738 3503 meminisset
749 3453 832 3531 atque
845 3451 998 3518 adnotaret,
1011 3451 1078 3520 qnid
1091 3455 1118 3504 et
1130 3451 1235 3522 quando
1334 3463 1335 3490 ³

149 3521 177 3572 et
189 3516 234 3569 cni
250 3515 385 3591 dedisset,
402 3521 443 3586 et,
460 3521 522 3572 cuin
532 3517 694 3588 recepisset,
707 3523 738 3572 ut
750 3519 871 3589 qurdque
883 3535 932 3573 suo
944 3519 1004 3573 loco
1016 3525 1167 3590 reponeret.
1181 3550 1191 3560 -
1203 3549 1213 3561 ·
1225 3551 1235 3561 -

149 3583 267 3654 denique
277 3585 412 3664 'unqloco
430 3601 513 3655 quam
528 3585 639 3642 minime
655 3587 793 3656 oportebit
809 3605 870 3641 eam
883 3587 1043 3656 consistere,
1061 3603 1150 3657 neque
1167 3587 1236 3642 enim

149 3653 304 3707 sedentarra
320 3669 379 3706 erus
393 3670 479 3724 opera
495 3659 548 3725 est,
565 3655 616 3709 sed
630 3655 711 3709 modo
728 3656 764 3709 ad
779 3655 863 3710 telam
880 3655 994 3710 debebit
1010 3656 1142 3711 accedere
1154 3672 1198 3726 ac,
1214 3656 1236 3709 si

149 3720 1237 3847 tisimatttritamttttatittadetltdttiitst

148 3806 256 3915 ffpbffla
270 3805 329 3914 n'sd
337 3857 427 3913 minus
442 3859 588 3982 praesepia
607 3832 766 3914 mundandas
782 3833 903 3929 curare3²
913 3860 1115 3914 valetudinaria
1131 3875 1241 3930 quoque,

149 3927 195 3980 vel
209 3926 234 3981 si
244 3931 344 3982 vacent
360 3927 396 3981 ab
412 3927 450 3981 im
471 3927 569 3998 ecilhs,
585 3927 738 3982 identidem
754 3929 861 4000 aperire
874 3932 902 3983 et
917 3928 1097 3982 immunditiis
1112 3929 1235 3997 liberare,

1323 3582 1330 3983 l

147 4001 189 4063 ut,
202 4012 264 4050 cnm
275 4012 320 4052 res
332 3996 461 4068 exegerit,
473 3996 545 4052 bene
557 3997 683 4051 ordinata
696 4001 736 4066 [et
748 4001 855 4065 ornata]
870 4000 898 4051 et
909 3995 1031 4051 salubria
1046 3996 1236 4068 languentibus

149 4064 347 4134 praebeantur3
363 4065 464 4136 promis
482 4081 588 4136 quoque
602 4070 629 4120 et
641 4066 759 4120 cellariis
771 4065 876 4136 aliquid
891 4064 1112 4136 appendentibus
1124 4070 1172 4120 aut
1183 4081 1236 4119 me·
1321 4080 1324 4093 ·
