2714 4554
559 236 809 296 FRAGMENTA.

109 360 191 426 baec
209 356 268 426 Sol
287 371 423 424 aeterno
442 360 598 424 convestit
614 359 735 426 lumine
754 362 903 438 lustrans,

111 467 222 510 annua
239 444 415 510 conficiens
434 445 569 509 vertenti
588 457 732 530 tempora
750 469 855 512 cursu.

111 531 166 596 hic
184 541 344 614 quantum
361 529 454 594 terris
473 551 635 596 convexus
653 531 781 615 pellitur
798 532 895 610 orbis,

115 615 307 680 tantundem
323 615 378 680 ille
397 625 509 700 patens
527 638 644 701 supera
661 617 841 682 mortalibu’
857 617 951 683 cedit.

116 724 175 766 sex
191 700 282 765 omni
300 723 428 787 semper
445 701 563 764 cedunt
579 701 721 766 labantia
738 714 842 779 nocte,

116 798 166 852 tot
183 787 310 852 caelum
327 809 438 850 rursus
456 786 613 870 fugientia
632 787 723 871 signa
741 789 894 853 revisunt.

117 872 180 936 hoc
198 873 340 957 spatium
358 882 488 936 tranans
507 872 608 937 caecis
627 895 691 936 nox
709 874 836 939 conficit
853 873 986 951 umbris,

120 958 208 1042 quod
227 980 344 1042 supera
361 968 462 1021 terras
480 957 583 1042 prima
602 958 641 1023 de
659 970 751 1024 nocte
770 959 914 1024 relictum

120 1043 275 1128 signifero
294 1065 335 1106 ex
353 1043 430 1107 orbe
449 1055 497 1106 est
514 1055 546 1107 et
563 1043 725 1128 signorum
744 1045 855 1120 ordine
872 1045 999 1109 fultum.

6 1183 7 1190 ,
165 1126 265 1209 Quod
284 1129 311 1192 si
329 1126 415 1194 Solis
434 1151 508 1194 aves
527 1141 629 1193 certos
647 1151 840 1214 cognoscere
858 1152 979 1207 cursus,

6 1239 7 1270 ³
120 1225 212 1279 ortus
231 1213 396 1300 signorum
414 1224 570 1278 nocturno
588 1226 729 1299 tempore
748 1216 845 1280 vises:

118 1322 197 1364 nam
215 1321 342 1384 semper
360 1299 487 1398 signum
506 1299 651 1365 exoriens
665 1300 762 1364 Titan
780 1300 877 1365 trahit
894 1322 1004 1363 unum.

120 1385 172 1449 sin
190 1395 298 1449 autem
316 1385 460 1449 officiens
479 1385 578 1471 signis
596 1407 687 1449 mons
706 1385 850 1450 obstruet
867 1385 960 1460 altus,
1180 1401 1220 1442 sao

120 1481 178 1534 aut
195 1469 338 1535 adiment
353 1471 459 1535 lucem
478 1492 573 1535 caeca
592 1471 728 1556 caligine
746 1471 858 1547 nubes,
1169 1475 1220 1530 345

119 1567 227 1620 certas
244 1554 312 1640 ipse
330 1567 422 1619 notas
441 1555 520 1620 caeli
538 1556 578 1621 de
596 1556 735 1640 tegmine
754 1579 882 1620 sumens

120 1653 211 1705 ortus
230 1653 326 1724 atque
344 1640 450 1705 obitus
468 1640 570 1705 omnis
589 1663 781 1726 cognoscere
799 1642 911 1728 possis.

120 1749 205 1811 quae
225 1725 319 1790 simul
337 1727 500 1803 exsistant,
519 1748 644 1804 cernes3
662 1748 745 1811 quae
764 1738 906 1813 tempore
925 1725 1038 1792 eodem

119 1811 332 1897 praecipitent
349 1811 483 1887 obitum,
500 1813 663 1877 noctumo'
673 1826 816 1898 tempore
833 1835 955 1877 nosces.
1179 1827 1219 1869 ⁶⁹⁵

163 1897 246 1974 Iam,
265 1897 359 1960 simul
377 1918 415 1961 ac
432 1897 571 1982 primum
590 1920 705 1984 supero
725 1921 758 1964 se
775 1899 895 1964 lumine
914 1896 1063 1962 Cancer
1167 1899 1219 1957 850

121 1981 246 2058 extulit,
265 1983 424 2066 extemplo
443 1983 526 2048 cedit
545 1983 676 2069 delapsa
694 1981 833 2060 Corona,
1163 2005 1164 2010 ¹

121 2079 153 2132 et
170 2069 241 2132 loca
260 2068 394 2132 convisit
412 2069 514 2134 cauda
532 2081 624 2134 tenus
642 2069 745 2134 infera
762 2068 876 2135 Piscis.

122 2153 287 2217 dimidiam
305 2151 420 2218 retinet
437 2155 535 2219 stellis
554 2155 703 2219 distincta
721 2153 850 2219 Corona

6 2245 8 2250 ’
71 2273 81 2288 ·
121 2249 246 2324 partem
265 2239 360 2304 etiam
379 2261 504 2324 supera,
522 2250 618 2322 atque
637 2240 699 2304 alia
717 2241 756 2304 de
774 2251 864 2325 parte
882 2238 1008 2304 revolsa
1025 2248 1088 2302 estz
1181 2253 1220 2294 eoo

32 2349 38 2358 ·
121 2345 221 2407 quam
238 2335 346 2389 tamen
363 2325 541 2407 insequitur
559 2325 674 2402 Piscis,
692 2347 753 2390 nec
771 2336 856 2390 totus
874 2324 915 2387 ad
933 2323 1062 2386 umbras
1166 2327 1219 2382 355

122 2419 253 2486 mactus,
273 2410 329 2474 sed
347 2430 462 2495 supero
481 2421 645 2475 contectus
664 2432 797 2496 corpore
815 2408 909 2474 cedit..

122 2505 220 2578 atque
238 2516 365 2559 umeros
382 2516 484 2577 usque
503 2519 522 2559 a
539 2495 676 2580 genibus
694 2497 880 2575 clarumque
898 2489 1041 2556 recondit

123 2578 350 2665 Anguitenens
368 2579 481 2644 validis
499 2602 653 2664 magnum
672 2603 692 2644 a
710 2577 886 2644 cervicibus
905 2577 1067 2660 Anguem.

123 2665 187 2730 iam
205 2686 283 2730 vero
301 2665 523 2750 Arctophylax
541 2687 606 2729 non
624 2687 727 2748 aequa
744 2673 834 2748 parte
853 2672 992 2737 secatur3
1181 2677 1220 2718 sos

123 2773 198 2816 nam
217 2751 344 2815 brevior
362 2752 447 2815 clara
465 2751 545 2816 caeli
563 2751 603 2816 de
620 2761 711 2834 parte
729 2749 865 2824 videtur,
1170 2751 1222 2808 360

125 2835 261 2921 amplior
277 2836 418 2900 infernas
436 2836 589 2921 depulsus
607 2834 749 2920 possidet
767 2833 907 2898 umbras.

126 2932 278 3005 quattuor
295 2921 346 2986 hic
364 2921 475 2987 obiens
493 2944 602 2987 secum
620 2921 777 2986 deducere
795 2919 888 3004 signa

125 3005 280 3091 signifero
298 3007 378 3072 solet
396 3029 437 3072 ex
455 3007 538 3083 orbi3
558 3018 625 3070 tum
644 3006 745 3072 serius
762 3005 841 3090 ipse,

125 3113 201 3156 cum
219 3114 423 3177 superasses
442 3093 568 3156 satiavit
583 3093 666 3168 luce,
684 3091 814 3166 recedit,

125 3188 199 3325 post
216 3178 355 3242 mediam
371 3177 483 3242 labens
501 3179 587 3242 claro
605 3200 679 3243 cum
697 3197 827 3261 corpore
846 3183 981 3238 noctem.

150 3285 208 3328 sec
225 3263 363 3328 obscura
379 3274 492 3328 tenens
510 3263 666 3329 convestit
684 3263 790 3327 sidera
807 3261 915 3326 tellus:

127 3358 159 3410 at
177 3360 269 3448 parte
287 3371 328 3413 ex
345 3348 408 3412 alia
425 3347 518 3413 claris
537 3370 611 3413 cum
627 3347 753 3412 lucibus
772 3358 846 3427 enat

127 3431 243 3510 Onon,
261 3433 378 3499 umeris
397 3445 430 3498 et
446 3435 511 3498 lat-0
529 3445 658 3519 pectore
675 3433 812 3517 fulgens,

127 3535 160 3584 et
178 3519 292 3584 dextra
308 3519 448 3584 retinens
466 3539 530 3582 non
548 3539 675 3582 cassum
691 3516 819 3581 luminis
838 3536 956 3580 ensem.

172 3603 240 3670 Sed
258 3626 332 3669 cum
349 3604 390 3669 de
407 3603 498 3669 terris
517 3603 565 3667 vis
584 3614 632 3667 est
649 3602 809 3686 patefacta
826 3599 983 3678 Leonis,

128 3688 247 3765 omnia,
258 3685 348 3773 'quae
367 3686 493 3756 Cancer
509 3688 672 3772 praeclaro
690 3686 802 3752 detulit
820 3697 901 3762 ortu,

129 3774 249 3841 cedunt
267 3774 447 3848 obscurata,
465 3773 559 3838 simul
577 3773 626 3837 vis
645 3795 761 3856 magna
778 3770 911 3855 Aquilai

128 3859 259 3960 pellitur
276 3881 315 3926 ac
331 3859 414 3924 flexo
434 3858 601 3924 considens
620 3874 751 3958 corpore
769 3857 872 3958 Nixus

128 3968 194 4010 ram
212 3967 329 4032 supero
346 3943 447 4010 ferme
465 3943 616 4031 depulsus
634 3943 753 4008 lumine
772 3942 869 4008 cedit:

130 4030 186 4096 sed
203 4032 334 4097 laevum
352 4051 454 4120 genus
473 4041 570 4115 atque
587 4029 753 4096 inlustrem
769 4027 883 4111 linquit
900 4025 934 4089 in
951 4025 1022 4177 altp·
