2714 4554
500 265 538 319 M.
558 263 694 322 TULItII
711 261 911 318 CICERONIS

226 391 370 457 omnium
401 391 523 456 animos
555 389 623 454 iure
651 386 752 459 debeo
780 407 990 451 commovere.
1044 387 1151 451 omnia
1184 405 1261 453 sunt

225 487 406 550 immutata:
425 506 539 548 manus
553 482 728 566 religantur
746 479 787 544 ad
800 479 1080 546 demonstrandam
1097 480 1260 558 iniuriam,

225 579 338 665 lingua
367 577 517 644 inciditur
543 576 584 640 ad
616 574 844 660 deplorandam
872 574 1099 653 calamitatem,
1132 573 1259 642 animus

226 672 442 758 praecluditur
460 670 501 735 ad
519 669 740 754 exponendam
758 667 804 732 rei
821 667 1055 754 indignitatem.
1096 668 1260 735 humilita-

226 778 291 831 tem
308 765 435 852 generis
458 762 613 828 obiiciunt
634 762 741 837 nobis,
768 761 824 844 qui
841 783 959 826 novam
981 762 1139 828 rationem
1157 764 1260 828 susci-

226 871 310 937 tant,
332 860 490 924 maiorum
511 857 660 923 obterunt
681 855 803 921 laudes.
848 856 905 921 sed
927 856 1004 942 quid
1027 879 1088 942 ego
1106 858 1199 943 plura
1217 859 1258 924 dc

226 955 353 1019 illorum
372 964 428 1018 aut
449 952 483 1017 in
505 974 557 1016 me
574 951 751 1016 maledictis
769 961 826 1015 aut
846 950 881 1015 in
898 971 956 1015 vos
975 951 1126 1016 scelerate
1144 953 1259 1035 loquar

227 1048 339 1114 factis?
356 1069 494 1131 quorum
513 1045 641 1132 cognita
659 1044 845 1130 improbitas
864 1067 916 1110 me
935 1054 1060 1111 tacente
1073 1046 1258 1131 coarguitur

227 1143 424 1227 turpitudine
439 1142 534 1218 vitae,
552 1151 589 1205 ut
603 1141 643 1206 de
656 1140 694 1204 iis
712 1161 777 1204 non
796 1139 836 1202 sit
853 1159 984 1205 necesse
1001 1138 1144 1207 inimicos
1162 1162 1257 1226 prae·
1348 1157 1349 1184 f

228 1236 345 1314 dicare,
364 1236 404 1302 de
422 1257 559 1321 quorum
576 1235 695 1300 scelere
713 1256 754 1298 ne
772 1231 867 1298 amici
884 1232 1013 1316 quidem
1032 1244 1089 1298 aut
1104 1233 1166 1318 ipsi
1182 1255 1258 1319 pos·

186 1342 304 1397 nsunt
326 1353 456 1417 negare.
501 1349 638 1415 vosego
661 1328 802 1414 appello,
830 1347 966 1410 quorum
985 1327 1025 1393 de
1047 1350 1098 1392 me
1116 1328 1259 1392 maxima
1348 1373 1349 1394 t

229 1438 277 1493 est
294 1437 450 1513 potestas3
479 1424 567 1511 apud
589 1446 646 1489 vos
669 1423 783 1508 loquor
804 1422 934 1486 demea
956 1422 1149 1498 calamitate,
1177 1443 1259 1505 quos
1348 1435 1349 1438 ’

194 1520 328 1590 'thabui
346 1543 472 1605 semper
493 1518 693 1583 innocentiae
712 1528 744 1582 et
768 1515 892 1581 virtutis
910 1538 1001 1582 meae
1018 1526 1125 1580 testes.
1161 1516 1261 1601 igitur

228 1638 269 1681 ex
291 1614 418 1680 civitate
441 1610 673 1678 benemeritus
696 1610 737 1674 de
761 1609 943 1694 republica
965 1609 1042 1674 civis
1061 1610 1260 1686 exturbatur,
1348 1673 1349 1696 3

227 1709 380 1772 innocens
403 1705 580 1790 expellitur,
603 1703 777 1768 consularis
795 1703 901 1780 homo,
919 1725 983 1768 non
1001 1704 1141 1770 minimis
1158 1704 1261 1770 facul-

227 1801 347 1867 tatibus
374 1822 452 1865 usus
479 1798 656 1883 quondam,
687 1798 863 1863 amicorum
896 1799 1070 1863 multorum
1100 1798 1261 1884 praesidio

227 1895 384 1972 munitus,
401 1915 489 1959 nunc
506 1892 622 1978 partim
640 1891 681 1956 ab
699 1891 831 1970 invidis,
851 1892 967 1977 partim
986 1892 1028 1957 ab
1044 1892 1181 1958 inimicis
1200 1894 1261 1958 cir·
1348 1933 1349 1970 3

227 1999 418 2054 cumventus
436 1985 538 2074 (eget)
554 1987 705 2072 indigne?
728 1986 802 2051 huic
825 1987 851 2052 si
872 2007 965 2072 opem
988 2009 1052 2051 non
1074 1987 1210 2054 tuleritis
1227 1989 1261 2052 in

226 2083 369 2170 periculo
383 2083 506 2168 capitis,
521 2103 589 2158 vos,
604 2081 710 2159 credo,
724 2081 900 2147 retinebitis
916 2093 1053 2149 vestram
1068 2081 1260 2158 libertatem,
1348 2093 1349 2176 ᾖ

226 2177 282 2261 qui
304 2197 408 2260 neque
426 2187 515 2240 tanta
540 2175 653 2241 valetis
676 2175 864 2241 auctoritate
886 2197 990 2259 neque
1012 2185 1172 2241 tantorum
1190 2177 1262 2240 oifi-
1348 2181 1349 2198 ³

227 2271 350 2337 ciorum
371 2271 550 2356 impensam
572 2270 682 2356 egistis
707 2271 741 2334 in
759 2270 915 2355 patriam?
940 2268 1020 2335 mihi
1037 2270 1171 2348 credite,
1199 2271 1261 2334 hoc

227 2367 262 2431 in
284 2388 350 2431 unc
377 2365 616 2431 incommodum
639 2365 860 2430 confirmatum
886 2365 1059 2430 multorum
1086 2365 1261 2428 infirmabit

226 2460 479 2526 incolumitatem
502 2471 549 2535 et,
576 2459 604 2524 si
629 2458 719 2525 initio
742 2480 807 2523 non
830 2457 889 2523 erit
910 2458 1099 2535 refutatum,
1126 2458 1260 2544 impune

227 2556 270 2621 ad
288 2555 431 2620 omnium
453 2554 626 2640 perniciem
649 2554 859 2619 convalescet.
904 2554 1037 2640 proinde
1056 2565 1111 2620 aut
1133 2554 1167 2618 in
1185 2579 1258 2620 meo

227 2651 368 2736 periculo
392 2651 528 2715 salutem
552 2650 710 2736 integram
736 2660 896 2734 praestate
922 2672 1123 2716 communem
1146 2651 1260 2715 autin
1348 2679 1349 2707 r

184 2765 209 2805 u
227 2745 341 2808 vestris
359 2744 420 2808 hoo
436 2744 523 2808 idem
536 2754 718 2829 exspectate
732 2744 971 2808 incommodum
989 2744 1134 2809 fortunis.
1161 2767 1257 2810 nemo
1348 2789 1349 2814 ;

227 2848 294 2902 tam
311 2836 436 2921 perdita
453 2837 650 2913 auctoritate,
669 2848 734 2902 tam
752 2837 931 2903 facinerosa
947 2837 1095 2904 inventus
1114 2849 1163 2904 est
1179 2839 1258 2914 vita,
1348 2849 1349 2888 l

227 2929 293 3014 qui,
312 2951 386 2994 cum
405 2930 444 2995 dc
463 2930 581 2995 scelere
598 2931 762 3009 fateretur,
780 2955 845 2997 non
863 2942 969 2999 tamen
987 2933 1151 3000 sententiis
1168 2933 1259 3020 prius
1348 2941 1349 3010 l

225 3024 370 3090 iudicum
393 3023 635 3090 convinceretur
656 3047 754 3109 quam
776 3025 933 3111 supplicio
955 3027 1168 3092 addiceretur:
1196 3049 1257 3111 ego
1348 3017 1349 3106 l

225 3129 357 3205 repente
375 3119 408 3183 vi
425 3117 595 3184 tribunicia
612 3129 776 3204 correptus
793 3142 858 3186 non
875 3121 971 3186 modo
988 3122 1140 3207 loquendi
1158 3121 1258 3188 libere
1348 3113 1349 3184 ἶ

226 3215 261 3280 in
281 3213 416 3290 iudicio,
444 3213 502 3278 sed
523 3235 564 3278 ne
587 3214 780 3279 consistendi
797 3215 927 3299 quidem
949 3217 1129 3284 incivitate
1153 3216 1257 3283 habeo
1348 3213 1349 3250 ³

225 3319 431 3394 potestatem3
454 3307 563 3374 eiicior
579 3329 644 3372 non
662 3308 766 3375 solum
784 3309 851 3376 sine
868 3321 960 3388 teste,
978 3310 1046 3376 sine
1064 3311 1180 3389 indice,
1200 3312 1258 3377 sed

184 3423 209 3463 n
226 3403 294 3467 sine
312 3401 453 3478 crimine,
468 3401 536 3467 sine
550 3412 744 3480 accusatore,
762 3404 831 3469 sine
844 3404 940 3470 etiam
956 3404 1083 3472 scelere.
1111 3404 1257 3470 hostibus

225 3497 259 3560 in
277 3496 377 3573 bello,
403 3497 459 3581 qui
476 3497 631 3564 dissident
648 3498 827 3577 voluntate,
855 3499 1008 3566 dimicant
1025 3500 1134 3577 armis,
1158 3499 1261 3566 vitam

227 3590 343 3656 cotidie
370 3603 574 3678 oppugnant,
601 3593 636 3658 in
661 3593 733 3679 ipsa
758 3593 826 3660 acie
848 3616 923 3659 cum
949 3595 1157 3680 proeliantur,
1183 3593 1260 3661 licet

225 3684 325 3770 loqui,
343 3685 417 3750 licet
435 3687 614 3772 disputare:
638 3687 717 3752 mihi
734 3688 767 3754 in
785 3709 876 3774 pace,
895 3689 972 3767 civi,
989 3690 1046 3772 qui
1062 3687 1262 3776 perditorum

181 3777 184 3784 ’
226 3778 394 3846 hominum
423 3779 506 3868 fregi
533 3782 690 3860 furorem,
721 3804 779 3869 pro
811 3783 947 3850 fortunis
979 3784 1059 3851 meis
1091 3783 1179 3870 apud
1204 3805 1263 3848 vos

226 3874 317 3959 loqui
343 3895 407 3940 non
433 3874 560 3942 licebit?
587 3876 687 3954 servi,
714 3877 770 3961 qui
792 3877 834 3942 ad
855 3878 1049 3965 supplicium
1075 3876 1264 3944 verberibus

228 3970 316 4037 caesi
333 3969 516 4049 trahuntur,
543 3970 631 4056 apud
649 3993 820 4059 eossaepe
838 3972 1017 4060 disputant,
1044 3992 1126 4057 quos
1148 3993 1265 4040 necare

227 4063 413 4132 voluerunt:
445 4088 506 4153 ego
533 4065 706 4132 consularis
734 4066 820 4152 apud
848 4088 903 4132 eos
928 4087 993 4137 non
1019 4065 1148 4150 loquar,
1182 4086 1266 4150 quos
