2714 4554
524 243 775 316 assensum.

180 378 257 446 heu!
277 378 470 530 virginalem
487 403 539 447 me
557 402 611 448 ore
629 383 788 467 ploratum
807 381 915 458 edere,

179 487 276 550 quem
293 466 329 530 vi
352 465 376 530 it
393 487 489 532 nemo
507 466 565 532 ulli
582 467 852 552 ingemescentem
869 467 968 534 maloi

178 550 376 616 ecfeminata
395 551 496 617 virtus
514 552 642 618 adflicta
658 553 786 619 occidit.

178 636 309 712 accede,
328 647 413 713 nate,
431 637 560 714 adsiste,
579 639 794 704 miserandum
813 639 919 725 aspice

178 722 352 788 eviscerati
370 744 486 808 corpus
504 723 679 790 laceratum
696 724 809 810 patrisl

179 806 300 885 videte,
321 809 440 885 cuncti,
458 818 568 892 tuque,
587 811 758 875 caelestum
776 822 872 887 sator,

179 893 259 970 iace,
279 893 427 970 obsecro,
445 893 480 960 in
497 917 549 960 me
566 896 632 960 vim
650 917 816 961 coruscam
832 895 990 961 fulminisl

179 1001 277 1055 nunc,
296 1000 388 1044 nunc
406 979 553 1044 dolorum
571 981 708 1046 auxiferi
725 993 875 1066 torquent
892 982 1036 1060 vertices,
1147 1023 1149 1030 ,

179 1087 267 1130 nunc
286 1064 389 1150 serpit
406 1067 511 1130 ardor.
547 1079 658 1132 cante
677 1067 823 1134 victrices
840 1091 965 1143 manus,

179 1171 200 1214 o
218 1161 366 1236 pectora,
385 1172 404 1215 o
422 1163 522 1238 terga,
541 1173 561 1215 o
577 1153 769 1218 lacertorum
786 1153 857 1229 tori,

180 1247 335 1302 vestrone
353 1236 467 1322 pressu
484 1238 646 1321 quondam
664 1239 846 1305 Nemeaeus
863 1237 914 1302 leo

179 1321 338 1387 frendens
356 1321 479 1387 efflavit
495 1323 636 1409 graviter
654 1336 833 1389 extremum
851 1322 1004 1387 halitum?

178 1405 260 1472 haee
280 1407 398 1472 dextra
414 1407 557 1472 Lernam
574 1420 677 1475 taetra
694 1419 834 1474 mactata
851 1419 980 1474 excetra

202 1493 323 1569 acavit,
342 1492 422 1558 haec
440 1494 638 1582 bicorporem
658 1494 781 1559 adflixit
797 1515 940 1569 manum,

179 1514 433 1664 llrymanthiam
451 1579 532 1644 haec
550 1580 726 1646 vestificam
745 1580 861 1646 abiecit
879 1579 1018 1656 beluam,

180 1663 261 1729 haec
280 1687 300 1730 e
320 1663 476 1730 Tartarea
493 1665 656 1730 tenebrica
674 1666 868 1732 abstractum
886 1665 984 1755 plaga

179 1749 357 1834 tricipitem
376 1749 486 1815 eduxit
502 1750 620 1836 Hydra
637 1763 825 1853 generatum
843 1773 965 1829 canem,

179 1834 261 1900 haec
279 1835 444 1901 interemit
461 1847 546 1900 tortu
564 1837 799 1924 multiplicabili

180 1919 369 1998 draconem,
387 1921 560 1988 auriferam
578 1923 692 1988 obtutu
711 1924 935 1989 adservantem
953 1923 1110 1988 arborem.

178 2007 283 2070 multa
301 2005 367 2070 alia
384 2007 498 2072 victrix
516 2019 626 2073 nostra
643 2009 793 2074 lustravit
810 2032 935 2085 manus,

178 2113 240 2158 nec
258 2091 436 2176 quisquam
455 2117 472 2158 e
489 2093 607 2158 nostris
626 2094 728 2180 spolia
745 2096 831 2180 cepit
846 2095 1008 2160 laudibus.

106 2195 236 2252 postumus
257 2199 314 2239 nos
330 2189 505 2241 contemnere
523 2185 659 2254 dolorem,
677 2203 740 2240 cum
756 2187 848 2257 ipsum
865 2185 1016 2240 Herculem
1031 2189 1089 2240 mm
1104 2183 1202 2239 intole-

106 2252 494 2380 ffitprhldolerpfflffiprs?
531 2251 650 2308 Cicero
667 2253 753 2310 Tunc.
772 2255 843 2326 disp.
859 2254 898 2325 11,
911 2254 1022 2310 soa-22.
1046 2252 1201 2326 Sophocl.

161 2409 191 2474 2.
213 2415 317 2470 Oileus
335 2414 384 2470 ille
405 2416 481 2486 apud
498 2415 677 2487 Sophoclem,
699 2417 747 2486 qui
764 2416 945 2471 Telamonem
961 2419 1044 2468 antea
1059 2414 1095 2467 do
1107 2412 1203 2468 Aiacis

107 2496 184 2547 morte
195 2491 357 2546 consolatus
370 2499 454 2562 esset,
471 2494 508 2562 is,
526 2511 589 2550 cum
601 2494 754 2548 audivisset
765 2493 800 2548 de
813 2509 876 2562 suo,
888 2491 994 2546 fractus
1007 2495 1062 2558 est3
1079 2489 1114 2544 de
1127 2489 1203 2544 cuius

107 2566 268 2616 commutata
280 2566 373 2614 mente
386 2561 427 2615 sic
439 2563 554 2616 dicitur:

183 2663 244 2706 nec
262 2662 341 2705 vero
360 2651 449 2707 tanta
466 2642 631 2728 praeditus
650 2640 807 2726 sapientia

184 2727 357 2810 quisquam
372 2738 429 2806 est,
439 2728 495 2811 qui
509 2728 645 2793 aliorum
658 2748 843 2792 aerumnam
857 2723 949 2792 dictis
964 2723 1116 2790 adlevans
1182 2761 1184 2765 ·

184 2833 251 2876 non
271 2811 367 2889 idem,
386 2835 460 2879 cum
477 2813 607 2880 fortuna
624 2823 747 2878 mutata
763 2812 920 2898 impetum

185 2908 364 2975 convertat,
382 2899 473 2964 clade
490 2899 597 2965 subita
613 2899 781 2984 frangatur
798 2919 868 2976 sua,

185 2993 224 3048 ut
239 2982 298 3047 illa
315 2983 358 3047 ad
374 2985 453 3050 alios
472 2985 557 3049 dicta
574 2995 607 3052 et
624 2996 795 3070 praecepta
813 2983 971 3050 excidant.
1196 3053 1198 3058 ,

20 3079 21 3082 ’
109 3069 219 3129 Cicero
231 3074 318 3130 Tuae.
332 3075 403 3146 disp.
417 3075 469 3144 111,
483 3077 524 3130 71.
550 3075 705 3148 Sophocl.
718 3075 799 3130 Aiae.
812 3075 893 3130 Locr.
906 3075 940 3130 fr.
954 3073 997 3130 14.
1009 3072 1095 3128 Dind.

514 3254 541 3297 c.
585 3257 626 3298 nx
642 3256 797 3299 uuammu.

170 3316 201 3381 l.
222 3322 293 3379 scite
304 3323 465 3396 Euripides:

189 3397 295 3468 iuravi
310 3403 432 3489 lingua,
450 3415 590 3470 mentem
606 3405 778 3470 iniuratam
795 3425 884 3490 gero.

112 3488 225 3550 Cicero
237 3494 274 3550 de
285 3493 359 3550 offic.
371 3495 425 3566 111,
438 3497 497 3552 108.
510 3495 623 3568 Eurip.
637 3495 752 3568 Hippol.
764 3513 790 3549 v.
803 3495 862 3550 612.

170 3573 202 3638 2.
224 3597 303 3637 socer
312 3581 343 3636 in
354 3597 401 3638 ore
412 3599 524 3653 semper
532 3581 656 3640 Graecos
667 3599 763 3638 versus
776 3581 811 3636 de
820 3579 981 3636 Phoenissis
992 3580 1124 3649 habebat,
1138 3593 1206 3650 quos

113 3652 199 3712 dcam
209 3661 242 3712 ut
251 3661 358 3730 potero,
370 3659 512 3715 incondite
524 3658 652 3730 fortasse,
664 3659 717 3716 sed
727 3664 821 3714 tamen
831 3662 919 3712 utres
930 3657 1018 3730 possit
1029 3655 1167 3728 intellegi:

192 3761 269 3804 nam
285 3737 313 3803 si
329 3738 515 3806 violandum
533 3753 582 3806 est
600 3741 662 3817 ius,
680 3738 837 3826 regnandi
854 3737 958 3824 gratia

193 3824 378 3890 violandum
397 3837 459 3891 est:
478 3825 550 3891 aliis
568 3826 665 3893 rebus
683 3826 834 3911 pietatem
853 3823 949 3888 colas.

113 3908 229 3970 (licere
241 3914 277 3970 de
289 3913 362 3972 offic.
375 3915 429 3986 ΠΙ,
440 3917 483 3974 82.
497 3917 610 3988 Eurip.
623 3917 767 3973 Phoeniss.
779 3932 805 3970 v.
819 3913 870 3970 524
882 3927 923 3982 sq.
1000 3907 1004 3917 ’

174 3993 206 4060 3.
226 4017 281 4059 nou
293 4004 352 4059 eine
364 4020 457 4074 causa,
470 4021 534 4060 cum
543 4003 671 4060 Orestam
679 4002 804 4059 fabulam
814 4001 926 4055 doceret
935 3994 1092 4065 Euripides,
1101 3992 1206 4066 primos

114 4076 160 4132 tris
170 4095 264 4136 versus
275 4097 419 4138 revocasse
431 4081 533 4137 dicitur
545 4079 687 4138 Socrates:
