2674 4558
531 260 782 318 FRAGMENTA.
1162 247 1205 312 35

160 387 192 452 6.
214 393 272 448 hoo
284 407 424 463 -paene
441 394 469 447 et
484 389 577 462 ipsum
592 391 706 446 semrile
724 388 864 447 Ciceronis
875 389 906 445 in
916 421 953 433 -
963 391 1128 447 Isauricum:
1146 383 1206 448 mi-

103 497 164 552 ror,
183 473 267 558 quid
285 472 342 548 sit,
361 471 449 554 quod
466 483 558 556 pater
574 483 664 546 tuus,
683 471 778 537 homo
796 471 1080 548 constantissimus,
1099 481 1130 536 te
1147 490 1207 534 no·

103 561 149 626 bis
166 559 298 624 varium
317 557 455 641 reliquit.
500 561 613 627 Quint
626 559 677 631 Vl,
689 562 715 632 3,
727 562 770 618 48.

165 653 196 720 7.
219 658 252 713 in
268 657 371 712 iisdem
387 654 531 712 sententiis
547 653 732 710 crebrioribus
752 661 860 714 mutata
877 655 1108 715 declinationibus
1122 655 1205 710 itera-

103 748 176 802 tione
192 743 344 800 verborum
355 741 399 812 (fit
411 741 515 811 πλοκὴ)
532 745 610 796 ut-
620 743 697 814 apud
707 739 874 806 ¹Ciceronem
886 760 992 822 neque
1015 735 1099 802 enim
1117 745 1207 820 pote·

103 835 173 892 rant
190 823 314 890 iudicio
331 832 364 887 et
382 822 415 886 hi
433 821 587 899 damnari,
606 823 661 906 qui
678 822 873 890 iudicabant
917 828 1029 896 Quint
1041 826 1095 896 IX,
1106 827 1133 896 3,
1144 825 1188 880 42.

166 927 199 1005 8,
218 926 251 1004 9,
271 925 323 990 10.
347 931 485 1001 quaedam
501 946 606 1004 genera
625 931 707 987 huius
723 931 830 1005 figurae
846 935 1007 1008 (ripuarias)
1022 931 1127 986 nullam
1143 945 1207 984 oum

102 1010 190 1083 tropis
201 1010 310 1065 habent
321 1007 496 1079 societatem,
508 1013 540 1062 ut
550 1009 600 1062 illa
612 1025 683 1079 quae
695 1009 797 1065 dicitsrr
809 1029 826 1066 a
837 1012 975 1084 negando,
988 1025 1071 1080 quam
1081 1007 1207 1063 nonnulli

104 1088 273 1160 ἀντίφρασιν
284 1090 385 1141 vocant
406 1080 496 1144 mitto
514 1080 602 1145 illam
619 1081 755 1165 primam
775 1083 916 1148 libidinis
937 1081 1097 1148 iniuriam.
1116 1089 1145 1139 et
1164 1101 1205 1144 ne

103 1170 157 1234 illa
174 1166 311 1252 quidem
327 1166 509 1231 testimonia
525 1167 635 1244 recito,
653 1187 737 1250 quae
755 1169 841 1233 dicta
854 1179 928 1234 sunt
946 1167 986 1233 de
1001 1165 1072 1233 Hs.
1086 1163 1206 1250 septin-

105 1254 210 1341 gentis
228 1251 359 1318 milibus
378 1262 407 1312 et
421 1273 553 1337 possum
571 1251 687 1317 dicere.
732 1257 844 1324 Quint.
856 1258 1002 1330 1X,2,4l.

167 1356 221 1432 11,
241 1355 294 1420 12.
313 1365 417 1416 suntet
431 1361 481 1416 illa
492 1361 614 1416 iucunda
626 1360 704 1416 etad
720 1361 986 1416 commendationem
998 1377 1060 1414 oum
1071 1359 1206 1414 varietate

104 1445 161 1494 tum
174 1439 263 1494 etiam
277 1437 342 1509 ipsa
356 1443 456 1493 nabua
472 1437 621 1509 plurimum
631 1441 760 1509 prosunt,
778 1455 849 1508 quaa
861 1437 1016 1509 sirnplicem
1027 1435 1166 1506 quandam
1178 1439 1207 1488 et

105 1525 158 1563 uon
180 1512 380 1578 praeparatam
400 1507 571 1562 ostendendo
591 1507 744 1561 orationem
767 1507 859 1562 minus
881 1523 932 1562 nos
955 1509 1097 1576 suspectos
1119 1501 1207 1558 iudici

104 1583 259 1639 iaciunt-
270 1601 334 1639 cum
345 1583 478 1653 quaerere
490 1600 548 1654 nos,
562 1583 630 1655 quid
642 1583 775 1654 dicamus,
788 1582 932 1656 fingimus:
950 1575 1027 1662 quid
1049 1575 1205 1642 relicuum

106 1664 171 1730 est?
192 1673 222 1724 ct
244 1662 401 1747 numquid
424 1663 535 1728 omisi?
561 1673 591 1724 et
610 1685 674 1723 oum
693 1668 800 1724 ibidem
817 1667 958 1740 invenire,
978 1673 1011 1724 ut
1033 1667 1074 1723 ait
1094 1664 1205 1722 Cicero:

105 1773 205 1815 unum
228 1749 326 1815 etiam
347 1748 426 1812 mihi
447 1749 604 1814 relicuum
626 1747 722 1814 huius
747 1749 835 1815 modi
857 1749 977 1816 crimen
999 1760 1048 1816 est
1070 1757 1100 1810 et
1117 1747 1205 1814 aliud

106 1858 143 1901 ex
161 1834 226 1900 alio
245 1835 401 1900 succurrit
418 1833 506 1900 mihi.
551 1838 665 1906 Quint.
678 1839 823 1914 1X,2‚eo‚

168 1929 222 1994 13.
245 1950 364 2006 namque
380 1951 443 1990 cum
459 1933 506 2004 fit;
519 1939 552 1990 ut
562 1934 759 1991 Demosthenis
774 1951 872 1992 severs
886 1936 1015 1992 rideatur
1030 1933 1205 2006 compositio:

106 2019 241 2104 πρῶτον
262 2018 335 2098 μέν,
361 2003 388 2079 oi
412 2010 528 2101 ἄνδρες
542 2010 728 2101 Ἀθηναῖοι,
750 2028 823 2093 τοῖς
839 2021 937 2095 θεοῖς
959 2011 1096 2098 εὔχομαι
1119 2018 1206 2079 πᾶσι

106 2103 160 2168 καὶ
183 2100 313 2177 πάσαις
328 2135 365 2146 -
379 2103 542 2168 Ciceronem
553 2111 671 2178 carpant
681 2105 712 2162 in
723 2105 767 2161 his
783 2101 950 2168 familiaris
969 2124 1025 2168 coe
1049 2110 1117 2167 erat
1136 2121 1206 2165 esse

106 2186 284 2253 balneatori
303 2196 331 2246 et
347 2206 412 2250 non
429 2185 563 2250 nimium
586 2186 668 2252 dura
696 2187 906 2276 archipiratae
912 2213 922 2268 ;
943 2211 1008 2250 uam
1026 2125 1206 2252 balneatori

107 2283 135 2333 et
147 2271 362 2411 ppchipiratae
380 2277 455 2332 idem
471 2275 536 2332 finis
548 2278 651 2349 estqui
668 2277 755 2340 πᾶσι
772 2275 827 2339 καὶ
845 2274 985 2354 πάσαις.
1025 2279 1139 2345 Quint.
1152 2275 1205 2346 IX,

106 2356 132 2425 4¹
170 2397 223 2500 14.
246 2439 350 2509 exeis,
367 2455 439 2511 quae
455 2456 539 2511 supra
554 2441 684 2512 probaui,
704 2445 834 2512 apparet,
854 2440 992 2496 molosson
1008 2455 1116 2512 quoque
1133 2439 1206 2494 elau-

107 2519 183 2573 sulae
207 2516 367 2586 convenire,
391 2516 458 2571 dum
479 2516 584 2573 habeat
606 2535 640 2572 ex
663 2534 827 2590 quocunque
846 2517 919 2589 pede
943 2521 1008 2571 aute
1028 2533 1058 2570 se
1079 2516 1207 2570 brevem:

106 2588 186 2730 {tud
212 2589 347 2668 scimus,
374 2587 559 2674 ubicunque
586 2599 675 2666 suant,
703 2611 774 2654 esse
798 2610 858 2674 pro
883 2588 988 2653 nobis.
1029 2589 1206 2661 Quintili,

124 2715 132 2745 ²
145 2675 225 2820 1015
249 2757 470 2830 προδιόρθωσιε,
483 2759 655 2828 praecedens
672 2756 813 2812 correctio.
834 2756 906 2812 haec
918 2755 1022 2828 figura,
1037 2754 1088 2811 ubi
1100 2752 1207 2825 aliquid

106 2835 294 2894 necessarium
309 2834 399 2904 dictu,
416 2833 467 2890 sed
481 2834 596 2890 insuave
612 2833 789 2892 audientibus
805 2839 854 2889 aut
870 2834 994 2890 odiosum
1009 2831 1090 2889 nobis
1107 2831 1208 2886 dicturi

105 2931 216 2983 munus,
232 2911 390 2986 praemunit
405 2912 561 2982 exemplum
576 2912 652 2984 apud
669 2909 830 2968 Ciceronem
845 2911 987 2983 frequens:
1011 2925 1208 2990 quamquem

106 2994 227 3071 sentio,
254 3002 376 3078 quanta
397 2991 459 3056 hoc
477 3013 551 3058 eum
568 2991 745 3059 offensione
766 2992 909 3058 dicturus
933 2991 1008 3068 sim,
1035 2989 1207 3055 dicendum

108 3091 167 3146 est.
202 3081 593 3156 Aqu11223,10ed.t1s1m

174 3181 227 3247 16.
248 3183 437 3259 χαριεντισμὸς
453 3183 511 3239 sive
528 3190 652 3254 σκῶμμα.
682 3185 736 3241 hac
751 3185 843 3259 figura
858 3185 892 3240 fit
907 3185 1009 3240 festiva
1025 3182 1123 3253 dicto,
1146 3199 1208 3238 cum

111 3273 278 3329 amoenitate
292 3271 421 3338 mordax,
441 3274 474 3324 ut
493 3269 569 3341 apud
584 3268 758 3327 Ciceronem:
791 3264 917 3331 infirmo
948 3286 1081 3350 corpore
1113 3273 1208 3348 atque

109 3351 343 3492 ppgplofflrm
359 3360 396 3415 ut
412 3349 474 3438 ipsi
490 3349 633 3416 iudicare
650 3351 796 3436 potestis,
814 3373 846 3416 u.
895 3355 919 3410 1.
936 3355 1144 3410 Rufinianus
1166 3355 1210 3424 39,

155 3453 172 3491 θ
193 3476 200 3490 .
301 3473 307 3488 .

175 3515 228 3582 17.
250 3517 338 3574 habet
352 3533 433 3572 usum
443 3548 479 3559 -
489 3517 641 3590 allegoriae
661 3516 822 3588 frequenter
838 3517 940 3589 oratio,
961 3518 1012 3574 sed
1031 3533 1094 3573 raro
1114 3515 1211 3588 totius,

108 3607 273 3680 plerumque
289 3601 394 3674 apertis
409 3601 547 3674 permixta
563 3606 618 3658 est:
638 3606 699 3658 tcta
715 3601 791 3674 apud
807 3600 969 3658 Ciceronem
987 3603 1053 3658 talis
1070 3606 1125 3658 est:
1148 3597 1212 3662 hoc

109 3685 224 3763 miror,
250 3684 313 3748 hoo
339 3704 470 3767 queror,
497 3704 692 3767 quemquam
716 3681 879 3748 hominem
900 3682 946 3749 ita
972 3705 1104 3784 pessum
1133 3681 1210 3746 dare

110 3773 248 3838 alterum
266 3769 359 3845 velle,
376 3779 413 3832 ut
430 3767 527 3834 etiam
544 3791 660 3833 navem
678 3767 828 3853 perforet,
846 3768 878 3832 in
898 3792 963 3853 qua
980 3791 1049 3854 ipse
1069 3765 1209 3859 naviget.

110 3852 346 3978 ffimagufliQ
358 3868 392 3906 ex
403 3868 442 3907 or.
455 3868 506 3922 pro
517 3851 556 3905 M.
562 3850 682 3906 Aemilio
695 3849 799 3906 Scauro
812 3851 884 3922 §.db
894 3853 939 3906 ed.
951 3853 1079 3916 nostrae).
1100 3847 1211 3911 Quint.

178 3961 232 4065 1'83
252 3997 434 4136 ppovinoias
452 3996 534 4062 inter
551 4018 586 4063 se
604 3995 809 4082 partiverant.
858 4000 1039 4073 Pompeius
1055 4014 1082 4069 p.
1100 3998 1159 4053 310.
1173 3997 1210 4054 cl.

114 4080 242 4140 Valerius
295 4079 363 4136 obus
374 4097 402 4150 p.
414 4079 484 4136 1483
495 4077 609 4135 Putsclr.

930 4161 965 4216 30
