2674 4558
498 231 801 290 persuasus.
947 204 959 216 ”’
1185 222 1227 288 15

188 353 198 360 ’
222 353 336 406 inducor
352 355 436 422 maqis
451 353 621 407 librariorum
644 347 692 408 laod
703 357 761 408 loeo
773 371 828 408 esse
838 355 966 423 mendam,
984 373 1062 428 quam
1079 365 1107 408 ut
1122 357 1226 410 Cicero·

146 421 152 427 ’
166 438 229 474 mem
238 438 340 490 parum
348 422 460 490 proprio
471 423 548 476 verbo
560 441 634 476 usum
647 439 702 476 esse
715 425 828 476 credam.
857 425 904 478 illo
916 425 984 477 enim
996 435 1117 494 tempore,
1131 427 1225 496 dequo

166 491 301 560 loquitur,
319 491 389 561 quod
403 489 455 558 suit
470 500 529 558 post
540 491 613 545 XVI
625 509 709 544 annos
725 509 805 560 quam
818 509 892 560 repes
903 494 990 546 euasti
999 503 1072 560 sunt,
1086 493 1161 562 pleds
1176 493 1229 546 sibi

166 559 241 626 lepes
256 565 380 611 sacratas
395 575 450 612 non
468 559 580 612 restituit
596 559 741 630 (nunquam
758 561 826 613 enim
843 561 961 612 tribunos
980 563 1063 628 plebis
1078 561 1225 632 tabuerat),

168 627 286 678 sedtum
297 627 415 695 primum
430 643 476 680 eas
493 629 631 682 constituit.
666 644 802 680 numerum
819 628 919 698 quidem
932 646 1062 682 annorum
1074 639 1137 698 post
1151 647 1226 698 repes

170 702 282 748 auctos
297 711 375 764 quom
391 695 420 748 id
433 694 534 762 factum
551 705 599 762 est,
617 697 752 765 dilipenter
768 699 870 764 posuit,
891 697 976 766 isqui
989 697 1041 764 suit
1052 699 1086 751 A.
1105 697 1226 764 Vespinio

171 764 310 830 Tricosto,
321 765 356 822 T.
375 763 479 816 Veturio
494 765 618 818 Cicurino
634 781 700 818 coss.
717 773 829 818 aeterum
845 767 950 834 quidam
971 783 1026 818 non
1042 767 1093 818 duo
1110 767 1226 818 tribunos

166 831 264 900 plebis,
276 839 306 884 ut
320 831 410 884 Cicero
423 832 492 899 dicit,
510 833 555 885 sed
565 833 678 902 quinque
690 833 795 886 tradunt
807 841 909 886 creatos
919 842 974 886 tum
986 850 1048 902 esse,
1065 834 1182 902 sinpulos
1193 852 1227 886 ert

172 899 287 968 sinqulis
297 901 431 954 elassilrus.
453 909 513 954 sunt
522 911 616 968 tamen,
626 903 672 970 qui
679 903 785 954 eundem
796 902 869 954 illum
879 903 988 954 duonum
997 919 1141 969 numerum,
1152 919 1226 972 quem

176 968 284 1035 Cicero,
297 977 414 1036 ponant,
431 969 498 1022 inter
514 987 579 1039 quos
595 971 738 1023 matronas
758 979 782 1022 et
796 971 956 1040 Pomponius
972 971 1176 1025 Articulanus
1194 988 1228 1022 ue

173 1044 282 1102 noster,·
301 1037 368 1088 man
387 1037 428 1088 ltio
443 1046 467 1090 et
483 1039 628 1090 Tuditanus
644 1038 768 1090 adiiciunt
784 1047 836 1090 tres
847 1047 987 1106 praeterea
1008 1041 1042 1092 ab
1058 1041 1111 1092 illis
1127 1041 1177 1091 duo
1212 1056 1226 1091 s

174 1106 293 1172 collepas
306 1114 409 1157 creatos
420 1123 482 1158 esse.
516 1108 623 1159 nomina
634 1107 752 1174 duorum,
782 1107 811 1158 ui
817 1107 900 1175 primi
910 1108 994 1160 creati
1002 1117 1074 1173 sunt,
1091 1109 1155 1160 loeo
1171 1116 1225 1160 tra-

174 1174 288 1225 duntur:
311 1175 344 1226 L.
365 1174 480 1226 Sicinius
502 1176 534 1229 L.
551 1175 581 1227 F.
602 1175 734 1242 Bellatus,
758 1123 790 1228 i.
812 1175 934 1242 Alpinius
957 1177 985 1229 0.
1008 1176 1038 1230 F.
1059 1177 1186 1230 Pateroul
1217 1215 1225 1228 .

174 1241 282 1311 reliqua
288 1257 358 1310 pars
369 1243 443 1295 tatus
455 1245 517 1310 loci,
530 1259 597 1314 qttae
604 1243 717 1311 pertinet
729 1245 764 1294 ad
773 1244 913 1295 secundam
929 1245 1133 1296 constitutionem
1144 1244 1226 1296 tribu·

174 1327 274 1362 norum
291 1318 315 1362 et
331 1310 531 1364 decemuirorum
546 1312 649 1382 finitum
666 1311 801 1380 imperium
818 1319 842 1362 et
861 1311 968 1364 breuiter
980 1319 1004 1363 et
1019 1321 1107 1379 aperte
1119 1311 1153 1365 ab
1169 1313 1225 1380 ipso

175 1379 281 1430 dieitur.
316 1379 425 1432 nomino
445 1381 503 1432 sola
522 1397 576 1431 non
598 1379 700 1444 adiicit,
722 1380 778 1448 quis
799 1380 843 1431 ille
859 1393 891 1431 en
907 1379 1056 1431 deoernoiris
1072 1379 1160 1446 fuerit,
1182 1381 1228 1449 qui

175 1455 271 1500 eontra
282 1446 424 1499 libertatem
436 1447 560 1501 vindicias
572 1449 682 1514 dederit,
698 1457 721 1500 et
733 1448 790 1517 quis
801 1448 846 1499 ille
853 1455 939 1516 poter,
952 1457 1045 1500 eontra
1057 1447 1130 1500 euius
1140 1449 1225 1518 filiam

174 1517 203 1566 id
223 1516 350 1581 demerim·
369 1517 467 1568 seilicet
487 1518 556 1586 quod
577 1517 737 1568 notissimum
758 1525 809 1582 est,
830 1515 1000 1568 decemvirum
1020 1516 1095 1568 illum
1111 1516 1225 1584 Appium

176 1583 317 1637 Claudium
329 1581 419 1651 fuisse,
430 1593 531 1652 patrem
544 1593 630 1638 autem
642 1585 749 1653 oirpinis
760 1585 793 1637 L.
813 1583 962 1652 liminium.

188 1687 244 1754 25.
271 1698 340 1752 tum
366 1688 553 1774 interposita
578 1687 641 1752 fide
672 1711 730 1774 per
757 1689 813 1753 tris
842 1689 980 1774 legatae,
1013 1689 1226 1776 amplissimos

119 1773 209 1838 viros
229 1773 367 1838 Romam
390 1774 504 1838 armati
526 1783 741 1850 reverterunt,
763 1775 796 1838 in
815 1775 980 1840 Aventino
1003 1775 1225 1851 consederunt,

117 1859 197 1925 inde
217 1859 332 1922 armati
353 1858 387 1923 in
406 1855 602 1944 Capitolium
623 1869 797 1936 venerunt;
821 1861 932 1926 deoem
954 1860 1098 1927 tribunos
1120 1861 1225 1946 plebis

116 1967 180 2030 per
198 1944 393 2030 pontificem,
411 1945 497 2028 quod
515 1945 722 2030 magistratus
740 1946 847 2010 nullus
866 1955 944 2022 erat,
964 1958 1162 2012 creaverunt.

228 2062 307 2097 unum
323 2045 370 2097 lma
388 2045 565 2100 tantummodo
581 2047 774 2114 explicandum,
792 2062 843 2114 quo
860 2047 918 2098 looo
932 2046 1047 2115 pdmum
1064 2047 1096 2099 de
1111 2049 1226 2100 secunda

174 2115 318 2166 seomnone
330 2115 428 2182 plebis,
445 2115 534 2166 deliine
551 2115 692 2166 concordia
708 2113 782 2180 facta
799 2114 837 2166 sio
853 2115 927 2166 dioit:
945 2117 1010 2168 ‘tum
1026 2116 1179 2184 interposita
1191 2147 1225 2156 -

174 2184 347 2235 creauerunt!
371 2181 451 2251 leuati
461 2190 521 2248 tres,
534 2199 644 2262 quorum
656 2183 764 2234 nomina
776 2199 829 2234 non
838 2183 923 2251 ponit,
935 2183 962 2235 lu'
971 2183 1090 2249 fluerunt:
1103 2187 1150 2252 Sp.
1157 2187 1225 2236 Tar·

170 2251 258 2320 peries,
274 2251 301 2304 0.
314 2250 408 2318 Iulius,
419 2252 452 2304 P.
465 2252 606 2319 Sulpicius,
624 2267 712 2303 omnes
724 2251 893 2316 consulares,-
904 2251 1025 2320 pontisera
1037 2253 1164 2304 mammas
1176 2253 1227 2322 [uit

174 2319 216 2374 M.
228 2320 364 2386 Papirius.

189 2422 243 2488 26.
268 2423 364 2488 etiam
386 2422 465 2488 haee
490 2423 666 2488 recentiora
688 2419 869 2508 praetorem
894 2444 1012 2507 ponam
1034 2423 1227 2509 principium

121 2509 318 2576 iustissimae
344 2507 513 2586 libertatis,
542 2505 703 2584 Cassiam3
731 2529 796 2590 qua
822 2507 895 2592 lege
924 2507 1150 2591 suffragiorum
1177 2511 1226 2574 vis

121 2605 331 2682 potestasque
348 2593 523 2672 convaluit3
546 2595 678 2660 alteram
697 2590 860 2669 Cassiam,
878 2611 962 2674 quae
979 2591 1091 2676 populi
1108 2592 1227 2658 iudicia

122 2680 276 2746 firmavit.

230 2781 342 2852 quaesit
357 2781 409 2834 ista
421 2783 462 2834 len
476 2781 580 2847 Cassia,
597 2797 651 2850 qua
663 2776 850 2848 suffrapiorum
861 2786 976 2848 potestas
988 2779 1130 2846 convaluit,
1141 2783 1226 2832 mani-

177 2850 274 2920 festam
286 2857 339 2915 est,
353 2865 416 2902 nom
432 2851 487 2918 ipse
498 2867 548 2918 quo
585 2867 598 2900 e
613 2849 695 2917 paulo
707 2857 768 2900 onte
784 2848 848 2900 airu
859 2849 939 2915 lepem
954 2847 1073 2899 Cossium
1086 2849 1185 2915 tulisse,
1197 2857 1227 2900 ut

174 2920 292 3001 populus
301 2935 351 2986 per
362 2918 484 2998 talellam
495 2867 652 3036 tullidam?
663 2916 754 2983 ferret.
775 2985 781 2996 Ι
787 2919 875 3036 allatret
885 2916 1043 3036 gaepnsitpgpp,
1058 2917 1229 3037 ᾳῖιαθορέζέιίξ

177 2989 419 3123 ippffippplpvup:
434 2993 805 3120 tiiliuendi’plepiiisilididiid,
813 3001 849 3105 ed.
861 3001 952 3104 dlavm
969 3023 1041 3103 coss..
1050 3002 1227 3119 pidresalepes

180 3124 393 3179 diminuendam
403 3121 546 3175 nobilitatis
553 3121 700 3190 potentiam.
708 3120 774 3186 tulit,
786 3122 813 3172 in
824 3120 916 3189 quihus
927 3119 994 3172 tane
1006 3119 1091 3186 etiam,
1103 3127 1139 3186 ut,
1151 3136 1227 3188 quem

178 3193 294 3264 papulus
313 3191 474 3256 damnasset,
499 3190 569 3242 cuiue
584 3190 718 3259 imperium
739 3189 900 3257 abropasset,
924 3187 952 3238 in
972 3193 1065 3239 senatu
1080 3204 1134 3240 non
1154 3195 1228 3240 esset.

181 3265 279 3315 tulerat
290 3267 374 3312 aman
390 3275 447 3311 eom
463 3259 575 3310 maxime
587 3267 698 3326 propter
708 3258 851 3310 simultates
862 3271 921 3308 eum
936 3255 965 3316 Q.
978 3255 1098 3324 Seruilio,
1111 3255 1228 3326 quiante

182 3330 312 3383 diurnium
324 3328 417 3380 consul
426 3326 514 3394 suerat
526 3335 550 3380 et
562 3327 605 3378 oui
611 3328 734 3395 populus,
751 3325 814 3397 quia
825 3326 894 3377 male
905 3323 1029 3376 Moerum
1044 3325 1160 3378 Cimbros
1171 3342 1226 3399 rem

179 3405 306 3468 gesserat,
319 3397 453 3465 imperium
466 3395 608 3464 atropouit.

196 3501 250 3568 27.
273 3501 410 3584 quinon
428 3498 523 3564 modo
541 3495 757 3648 <vivopSulla
776 3519 887 3562 verum
907 3495 1003 3561 etiam
1019 3496 1073 3562 illo
1090 3507 1229 3572 mortuo,

132 3609 258 3674 semper
280 3585 342 3651 hoo
364 3607 398 3650 se
420 3584 553 3649 summis
575 3583 627 3669 opi
650 3605 688 3647 us
710 3583 912 3647 retinendum
933 3593 1141 3668 putaverunt3
1168 3583 1229 3646 ini-

131 3672 295 3740 micissimi
313 3669 353 3736 Ο.
372 3667 487 3736 Cottae
508 3669 651 3747 fuerunt,
674 3667 761 3752 quod
783 3669 810 3732 is
827 3669 961 3753 paulum
982 3667 1117 3732 tribunis
1140 3666 1227 3751 plebi

133 3782 197 3824 non
213 3757 391 3844 potestatis,
410 3755 467 3820 sed
485 3755 649 3840 dignitatis
668 3753 801 3818 addidit.

235 3861 276 3913 llio
289 3859 378 3925 Cotto,
394 3865 423 3910 ut
434 3865 514 3926 puto,
526 3858 607 3924 lepen
620 3856 689 3921 tulit,
705 3855 855 3908 attributis
866 3853 951 3923 plebis
962 3854 1050 3906 liceret
1060 3857 1150 3920 postea
1162 3850 1231 3902 alios

184 3929 353 3998 moptstratus
365 3943 473 3996 eapere,·
483 3927 552 3996 quod
563 3927 618 3994 lepe
629 3926 720 3993 Syllae
730 3925 763 3977 iis
775 3931 833 3977 erat
844 3925 999 3990 ademptum.
1012 3965 1015 3970 .

197 4033 251 4099 28.
274 4030 428 4118 quamdiu
446 4031 576 4117 quidem
597 4029 658 4095 hoo
682 4029 787 4095 animo
805 4049 883 4114 erga
899 4047 957 4092 vos
975 4023 1030 4088 illa
1047 4021 1138 4108 plebs
1157 4021 1230 4098 erit,
