2674 4558
132 244 174 344 56
475 257 513 312 Μ.
532 255 669 313 TULLII
687 253 886 313 CICERONIS

131 379 220 434 visum
236 383 290 448 est,
312 395 346 433 ex
362 376 487 432 omnibus
507 377 587 447 locis,
609 377 709 448 quibus
725 377 805 431 huius
826 375 931 448 dialogi
951 375 1054 430 montio
1074 373 1119 446 fit,
1141 375 1231 430 mani·

132 447 233 502 festum
246 453 296 516 est,
309 447 361 502 etsi
372 446 520 518 bipertitus
529 445 582 499 fuit
593 446 622 500 in
633 445 825 517 philosophiae
836 444 1037 499 accusationem
1049 443 1232 514 eiusdemque

133 515 329 570 defensionem.
370 515 539 585 superfuisse
562 513 741 569 Hortensium
765 514 839 567 dialo
878 530 906 567 m
933 513 1042 566 saeculo
1066 513 1233 568 duodecimo

132 583 281 640 affirmavit
292 584 446 664 Ravaisson
461 583 610 664 (Rapports
626 599 673 637 sur
689 583 731 636 les
746 531 950 662 biblioffilques
962 581 1011 636 des
1024 578 1234 672 departoments

133 653 168 707 de
184 652 284 708 l'oucst
321 652 402 720 ,Xl.)
419 652 462 706 lus
478 652 583 706 verbm:
608 650 665 706 ‘Le
681 650 826 724 catalogue
838 651 887 704 des
903 649 985 704 liures
998 649 1033 704 dc
1048 649 1178 720 labbaye
1191 651 1235 704 du

132 721 191 774 Bee
208 737 244 775 au
255 671 327 774 Xllle
346 717 430 774 siecle
447 721 572 790 ajoutera
588 735 642 776 aux
658 718 779 789 notione,
796 735 849 810 que
865 718 955 797 lona
966 714 1013 772 sdr
1027 715 1166 773 l'dtendue
1179 719 1235 772 des

134 789 343 844 connaissances
358 786 506 843 utteranes
523 785 541 842 a
556 793 629 843 cette
642 785 757 858 epoque.
782 787 927 858 Labbaye
944 787 981 840 du
998 786 1069 854 Bec,
1086 782 1231 841 611611661-

133 855 395 929 gnerentLanfrane
403 861 432 910 et
443 854 735 924 saintAnselme,‹itait
745 872 799 910 une
813 855 861 910 des
874 853 964 910 deoles
975 855 1017 910 les
1028 855 1091 926 plus
1103 851 1232 910 celebres

134 931 162 980 et
173 927 215 980 les
225 926 288 996 plus
300 929 428 1006 savantes
440 924 561 1046 (galera,
572 925 616 980 On
624 940 704 978 verra
712 925 794 994 qu'on
804 942 825 994 y
836 921 986 1014 possddpit,
996 939 1064 978 avec
1074 937 1129 1014 unq
1138 924 1232 994 partie

134 990 1235 1144 16111611111616116116611616116611...166

135 1130 364 1199 ecclesiaeBecer,
392 1129 468 1184 .393:
481 1127 1234 1184 ι’1611166116116111161166111111111111111.11611111116116116

133 1199 365 1254 libriH.Timcus
399 1198 500 1252 letonis
509 1199 545 1252 ab
555 1214 588 1252 eo
597 1198 756 1251 translatus.
782 1196 1014 1252 etdeFatoliber
1025 1195 1232 1251 1611011611-

134 1268 216 1321 sium
228 1266 350 1322 liberl.
364 1271 393 1321 et
404 1267 439 1321 de
450 1265 576 1338 Legibus
592 1265 656 1320 libri
668 1265 729 1320 HL'
769 1271 799 1319 at
810 1264 858 1336 qni
868 1263 1081 1320 hienominatur
1097 1264 1148 1319 ‘ad
1158 1264 1234 1319 Hor·

133 1335 253 1390 tensium
263 1335 346 1389 liber’
359 1333 472 1390 minime
485 1341 528 1389 est
539 1335 613 1389 dialo
654 1352 667 1388 s
678 1332 852 1404 Hortensius,
865 1335 915 1388 sed
926 1334 998 1388 liber
1010 1334 1145 1391 socundus
1157 1333 1234 1388 Aca·

135 1403 302 1460 demicorum
344 1403 447 1458 riorum
467 1404 524 1460 sive
544 1404 624 1457 Lucu
645 1420 687 1472 us,
711 1403 759 1473 qui
785 1402 853 1458 item
877 1403 927 1456 ‘ad
947 1401 1124 1458 Hortensium
1147 1401 1235 1456 liber’

133 1473 284 1553 veeaturin
293 1421 493 1543 sulscriptioue
503 1472 606 1552 codicis
614 1471 737 1526 Gudiani
748 1471 862 1525 secundi
874 1475 902 1526 et
914 1470 1053 1542 ‘dialogus
1065 1470 1103 1526 ad
1111 1469 1233 1527 Horten-

134 1541 216 1595 srum’
230 1558 247 1595 a
258 1541 405 1598 Vincentio
417 1540 608 1596 Bellovacensr
621 1539 701 1610 Spec.
715 1539 800 1594 doctr.
813 1539 849 1608 V,
862 1539 904 1592 12.

581 1666 793 1710 anemurum

195 1735 321 1791 indicant
331 1735 361 1790 hi
372 1734 440 1790 loci:

199 1825 228 1889 1.
251 1829 386 1886 cohortati
402 1846 495 1883 sumus
512 1834 544 1884 ut
558 1828 677 1884 maxim
693 1829 833 1900 potuimus
849 1827 886 1884 ad
901 1828 1094 1900 philosophiae
1110 1829 1236 1885 studium

135 1925 166 1962 eo
177 1907 258 1977 libro,
272 1905 321 1978 qui
333 1911 375 1960 est
386 1905 536 1976 inscriptus
548 1905 721 1960 Hortensius.
758 1903 878 1960 Cicero
890 1907 926 1962 de
938 1905 1051 1962 divinat.
1064 1907 1103 1976 Il,
1115 1908 1140 1961 1.

197 1989 228 2051 2.
250 1991 443 2063 philosophiae
455 1991 689 2063 vituperatoribus
700 1990 768 2046 setis
779 2007 939 2062 responsum
952 1997 994 2046 cst
1006 2007 1038 2047 eo
1054 1991 1134 2062 libro,
1147 2009 1201 2063 quo
1215 2009 1236 2046 a

133 2071 213 2124 nobis
224 2068 401 2141 philosophia
413 2067 529 2122 defensa
541 2072 569 2122 et
581 2069 746 2123 conlaudata
759 2073 810 2137 est,
824 2085 886 2122 cum
898 2073 970 2123 esset
982 2074 1110 2124 accusata
1122 2073 1151 2124 et
1161 2071 1235 2122 vitu·

132 2143 231 2210 perata
248 2138 284 2192 ab
297 2136 454 2192 Hortensio.
491 2137 539 2206 qui
554 2137 626 2191 liber
643 2153 706 2192 cum
718 2142 746 2190 et
761 2137 815 2190 tibi
828 2136 933 2206 (Bruto)
949 2138 1081 2208 probatus
1092 2138 1236 2192 videretur

134 2212 162 2260 et
172 2207 220 2274 iis,
233 2222 301 2275 quos
313 2222 366 2276 ego
381 2221 464 2276 posse
475 2204 599 2260 iudicare
616 2205 774 2274 arbitrarer,
786 2206 867 2276 plura
879 2207 997 2276 suscepi,
1010 2208 1114 2261 veritus
1125 2223 1161 2260 nc
1173 2221 1234 2259 mo·

132 2290 196 2330 vere
207 2274 349 2330 hominum
360 2273 453 2328 studia
463 2273 580 2344 viderer,
592 2272 712 2328 retinere
724 2289 779 2327 non
789 2289 879 2345 posse.
905 2271 1024 2330 Cicero
1037 2277 1072 2331 dc
1083 2275 1159 2330 finib.
1171 2275 1232 2343 1,2.

198 2355 228 2420 3.
251 2377 301 2416 nos
312 2358 458 2415 universae
469 2359 663 2432 philosophiae
674 2347 908 2430 vituperatoribus
918 2359 1109 2431 respondimus
1120 2359 1150 2413 in
1159 2359 1232 2414 Hor-

133 2439 230 2494 tensio.
262 2437 381 2494 (licere
393 2437 477 2493 Tusa.
490 2437 562 2508 disp.
575 2437 613 2507 II,
625 2437 652 2490 4.

197 2512 228 2576 4.
252 2518 287 2571 de
305 2515 435 2571 universa
455 2515 644 2588 philosophia,
665 2519 768 2584 quanto
789 2531 873 2586 opere
894 2520 922 2569 et
939 2515 1094 2586 expetenda
1113 2519 1186 2569 esset
1202 2519 1233 2568 61

134 2594 263 2716 piplenqpl,
285 2593 364 2716 gatis,
384 2599 417 2648 ut
433 2593 565 2663 arbitror,
586 2593 692 2648 dietum
709 2596 751 2648 est
769 2591 800 2646 in
815 2591 973 2646 Hortensio.
1010 2589 1129 2646 Cicero
1145 2591 1229 2644 Γ111166.

164 2681 205 2716 s.
265 2701 272 2731 ,
304 2702 310 2715 .

177 2681 228 2795 ΡΞ).
252 2738 335 2805 haec,
352 2755 415 2792 eum
430 2739 468 2790 ad
483 2738 688 2808 philosophiam
710 2737 896 2804 cohortamur,
917 2734 1072 2790 accuratius
1092 2732 1232 2805 disputari

134 2815 231 2882 solent,
244 2812 319 2884 quod
331 2813 386 2867 alio
398 2813 517 2882 quodam
528 2815 600 2868 libro
612 2815 737 2869 fecimus.
774 2811 896 2866 Cicero
909 2812 944 2864 de
956 2809 1030 2864 offic.
1043 2811 1081 2880 11,
1094 2812 1119 2866 6.

198 2893 228 2956 6.
251 2897 275 2950 si
288 2896 407 2967 quodam
418 2895 448 2951 in
459 2896 531 2952 libro
540 2914 604 2952 vere
615 2903 657 2951 est
669 2915 686 2950 a
697 2897 776 2952 nobis
785 2895 960 2967 philosophia
970 2893 1093 2968 laudata,
1105 2896 1234 2969 profecto

134 2975 194 3030 cius
204 2972 334 3028 1111616116
346 2972 450 3044 optimo
462 2978 545 3044 atque
558 2973 727 3044 amplissimo
740 2989 848 3043 quoque
861 2971 1024 3044 dignissima
1036 2978 1086 3028 cst.
1111 2972 1232 3032 Cicero

133 3042 413 3179 Acallpillfillltlest
423 3117 474 3174 illa
481 3117 635 3189 (quaestio),
642 3134 713 3188 quae
725 3117 893 3188 generaliter
905 3117 1021 3190 quaerit,
1026 3122 1119 3174 utrum
1130 3119 1168 3174 sit
1179 3121 1230 3175 ali·

134 3198 201 3266 quid
213 3197 413 3278 appetendum,
429 3199 474 3265 ut,
492 3213 527 3250 an
538 3195 789 3276 philospphandum
801 3195 838 3249 sit
863 3194 894 3249 in
904 3195 1052 3252 Hortensio
1065 3197 1228 3268 disputatur.

133 3263 819 3336 116111666606661161611161611666.5.Ρ.4
854 3264 909 3333 ‚20
921 3265 964 3320 ed.
978 3264 1071 3322 Halm.

198 3335 228 3400 8.
251 3341 305 3394 scis
324 3341 399 3410 ipse,
421 3341 516 3411 quales
536 3340 663 3395 homines
684 3357 746 3394 cum
766 3340 815 3410 iis,
837 3340 885 3412 qui
905 3340 1056 3416 aliquado
1076 3343 1230 3398 maioribus

133 3416 416 3537 eorumscriplerint,
438 3420 571 3486 quantum
586 3422 687 3488 gerant
703 3418 820 3488 bellum,
841 3434 893 3472 nec
912 3418 1010 3490 ignota
1030 3435 1091 3474 csse
1111 3418 1233 3474 arbitror
1335 3444 1336 3449 ¹

133 3502 204 3566 quae
217 3487 286 3538 d1e1t
329 3524 335 3536 .
349 3485 457 3565 'hullius
469 3485 498 3540 in
510 3485 666 3567 llortensio,
680 3504 761 3572 quem
774 3487 977 3568 adexemplum
988 3487 1150 3610 protreptici
1163 3487 1232 3542 scri·
1335 3516 1336 3525 κ

131 3558 197 3626 psit.
222 3552 418 3608 Trebelhus
429 3553 540 3610 Ρ61116
553 3556 588 3609 de
601 3553 732 3610 Salomno
745 3554 874 3611 Galheno
886 3572 909 3610 c.
923 3556 948 3609 2.
961 3573 989 3626 p.
1001 3555 1081 3610 4896
1103 3597 1109 3610 .
1123 3556 1190 3612 Obr.

196 3625 227 3690 9.
250 3646 303 3700 ego
314 3634 461 3700 postquem
472 3629 502 3684 in
511 3632 605 3686 schola
612 3631 730 3686 rhetoris
742 3631 843 3686 librum
854 3631 934 3686 illum
940 3629 1088 3702 Ciceronis,
1101 3634 1149 3704 qui
1158 3633 1232 3688 Hor·

131 3709 237 3766 tensius
248 3713 369 3776 vocatur,
382 3723 448 3762 eece
468 3707 487 3777 i,
496 3713 573 3765 tanto
583 3725 675 3763 amore
687 3707 879 3780 philosophiae
892 3724 1038 3764 succensus
1050 3725 1119 3778 sum,
1131 3715 1162 3763 ut
1174 3714 1228 3764 sta·

132 3779 232 3834 timad
244 3792 305 3831 eam
316 3793 361 3830 me
371 3726 522 3832 nenslene
533 3777 690 3832 meditarer.
725 3777 938 3848 Augustinus
955 3779 991 3830 de
1002 3778 1086 3833 beata
1096 3778 1155 3832 vita
1166 3795 1189 3832 e.
1202 3780 1231 3832 4.
1335 3816 1336 3819 η

199 3849 250 3914 10.
272 3850 373 3908 usitato
389 3852 446 3906 iam
462 3852 587 3908 discendi
603 3853 699 3908 ordine
720 3869 899 3924 perveneram
918 3853 949 3909 iu
968 3853 1070 3910 librum
1090 3853 1230 3923 quendam
1335 3860 1336 3915 3

134 3929 282 4000 Ciceronis,
295 3929 372 3984 cuius
382 3928 508 4010 linguam
518 3928 578 3984 iere
590 3946 684 3984 omnes
696 3930 837 3998 miranbn,
871 3933 947 3985 ectus
958 3929 1072 3986 nonita.
1097 3931 1146 3984 sed
1157 3929 1232 3984 liber

131 4001 179 4054 ille
196 4000 284 4071 ipsius
301 3997 516 4054 exhortationem
533 3998 655 4052 continet
671 3999 707 4052 ad
723 3997 850 4068 philosop
872 3997 879 4010 '
942 4002 971 4054 et
985 4001 1099 4052 vocatur
1110 3997 1230 4052 Horten·

132 4067 198 4123 sius.
234 4068 282 4122 ille
297 4083 362 4122 vero
378 4065 449 4122 liber
464 4065 580 4122 mutavit
596 4065 726 4121 affectum
742 4071 874 4120 meumst
890 4065 926 4120 ad
942 4064 1091 4137 teipsum,
1109 4065 1229 4135 domine,
1327 4086 1329 4107 ¹
