2714 4554
147 278 189 336 IN
200 275 230 334 G.
245 275 469 335 SALUSTIUM
481 273 651 336 CRISPUM
663 275 959 334 CONTROVERSIA
975 279 1052 335 3—6.
1136 265 1200 330 153

30 398 32 464 l
107 398 249 466 maiorem
273 399 423 465 iniuriam
446 399 492 466 rei
519 400 666 486 publicae
690 400 796 467 facere
817 423 883 467 non
904 401 1009 488 potuit
1032 423 1129 486 quam

110 494 186 576 quod
201 506 232 560 te
249 495 351 560 talem
372 495 474 560 filium
491 494 620 581 genuit,
637 516 743 580 neque
760 506 796 561 tu
814 496 842 561 si
858 517 924 580 qua
941 497 975 562 in
992 497 1130 582 pueritia

112 588 248 674 peccasti,
277 609 451 672 exsequar,
478 611 520 654 ne
542 599 708 675 parentem
726 600 818 654 tuum
835 591 947 656 videar
968 612 1130 665 accusare,

112 681 207 767 quiec
224 693 374 768 ternpore
393 706 553 748 summam
571 684 617 747 tui
635 694 826 768 potestatem
838 684 961 763 babuit,
980 684 1037 751 sed
1053 706 1133 769 qua·

110 775 163 840 lem
179 775 429 842 adolescentiam
447 778 566 863 egeris:
590 777 652 842 hac
669 777 887 844 demonstrata
904 777 999 844 facile
1015 778 1132 844 intelli·

109 879 191 953 getur
207 890 306 953 quarn
332 871 487 957 petulanti
510 870 648 956 pueritia
670 881 737 935 tam
758 872 939 958 impudicus
957 883 989 938 et
1011 893 1131 958 procax

111 962 286 1028 adoleveris.
333 975 445 1050 postea
467 986 564 1048 quam
580 965 755 1031 immensae
776 966 873 1052 gulae
889 965 1132 1052 impudicissimi

110 1059 238 1144 corporis
260 1071 417 1143 quaestus
444 1060 592 1125 sufficere
613 1080 678 1125 non
700 1061 804 1147 potuit
826 1072 858 1126 et
879 1072 967 1128 aetas
988 1071 1046 1127 tua
1066 1061 1131 1127 iam

109 1151 143 1215 ad
159 1173 195 1216 ea
211 1153 376 1238 patienda,
394 1175 477 1237 quae
492 1153 582 1218 alteri
597 1153 703 1220 facere
717 1154 922 1233 collibuisset,
940 1157 1131 1232 exoleverat,

109 1245 327 1330 cupiditatibus
354 1247 485 1312 infinitis
512 1247 710 1324 efferebaris,
736 1259 773 1312 ut
798 1269 881 1331 quae
913 1249 982 1333 ipse
1009 1249 1132 1334 corpori

27 1395 28 1404 ,
108 1349 155 1404 tuo
171 1341 276 1427 turpia
294 1363 361 1412 non
380 1341 526 1407 duxisses
549 1342 584 1406 in
602 1341 672 1406 aliis
690 1341 889 1427 experireris.
933 1343 979 1407 ita
1000 1351 1131 1406 nonest
1149 1363 1174 1402 n

106 1433 191 1500 facile
209 1447 379 1521 exputare,
397 1446 504 1521 patres
523 1435 709 1522 conscripti,
732 1446 840 1501 utrum
862 1435 1130 1500 inhonestioribus

107 1528 235 1614 corporis
261 1529 411 1614 partibus
437 1552 504 1595 rem
532 1530 703 1614 quaesierit
730 1553 772 1594 an
801 1528 951 1594 amiserit.
1001 1528 1132 1593 domum

105 1635 261 1706 paternam
278 1624 358 1689 vivo
379 1633 471 1710 patre
493 1625 639 1690 venalem
665 1622 793 1703 habuit,
820 1622 979 1690 vendidit:
1006 1635 1039 1688 et
1066 1622 1133 1686 cui·

106 1737 196 1801 quam
212 1718 350 1784 dubium
371 1729 477 1804 potest
499 1741 569 1784 esse
587 1719 664 1804 quin
687 1719 768 1783 mori
786 1717 927 1804 coegerit
949 1739 1038 1796 eum,
1066 1735 1131 1800 quo

107 1808 157 1875 hic
175 1813 317 1878 nondum
338 1824 466 1878 mortuo
489 1835 547 1898 pro
569 1813 687 1879 herede
709 1813 844 1898 gesserit
866 1812 992 1877 omnia?
1026 1833 1131 1895 neque

105 1903 197 1988 pudet
217 1929 289 1971 eum
311 1930 332 1972 a
349 1928 401 1972 me
424 1927 578 1992 quaerere
584 1953 594 1984 ,
622 1907 695 1991 quis
716 1908 751 1972 in
767 1907 807 1972 P.
827 1903 937 1972 Crassi
954 1907 1051 1972 domo
1074 1905 1127 1968 ha⁴

107 1997 190 2076 bitct,
215 2021 289 2065 cum
315 2000 385 2086 ipse
401 2000 596 2086 respondere
612 2022 678 2065 non
695 2011 793 2084 queat
810 2001 882 2084 quis
904 2001 938 2066 in
955 2000 1056 2086 ipsius
1074 1998 1132 2063 ba·

106 2088 175 2156 bitet
194 2105 333 2178 paterna
355 2093 471 2159 domo?
497 2105 532 2159 at
557 2094 687 2161 hercule
713 2095 823 2180 lapsus
846 2095 958 2160 aetatis
984 2093 1130 2159 tirocinio

106 2195 257 2270 postesse
276 2188 428 2253 correxit.
472 2187 601 2254 nonita
624 2198 687 2266 est,
714 2188 770 2253 sed
795 2188 874 2253 abiit
890 2187 924 2252 in
942 2186 1130 2253 sodalicium

106 2281 253 2370 sacrilegii
267 2281 438 2368 Nigidiani
443 2306 453 2361 3
472 2283 522 2348 bis
540 2283 582 2348 ad
598 2282 713 2348 iudicis
727 2282 880 2348 subsellia
892 2291 1057 2357 attractus,
1075 2303 1132 2345 ex·

106 2385 197 2440 trema
213 2376 348 2442 fortuna
370 2377 458 2442 stetit
475 2387 508 2442 et
528 2377 574 2443 ita
591 2375 752 2453 discessit,
770 2387 807 2440 ut
824 2397 890 2440 non
907 2374 960 2438 hic
977 2374 1134 2452 innocens

106 2489 175 2548 esse,
193 2471 250 2536 sed
267 2469 394 2538 iudices
408 2470 568 2556 peierasse
582 2470 849 2536 existimarentur.
876 2469 1016 2554 primum
1031 2465 1131 2530 hono·
1150 2490 1176 2531 15

105 2584 165 2629 rem
188 2564 223 2630 in
247 2576 426 2651 quaestura
448 2565 585 2651 adeptus
607 2563 693 2629 hunc
709 2562 817 2628 locum
834 2572 867 2627 et
883 2562 970 2625 hunc
988 2559 1133 2626 ordinem

106 2659 121 2737 †
136 2658 314 2746 despectus,
332 2660 424 2725 cuins
442 2660 549 2726 aditus
563 2658 625 2724 sibi
637 2677 767 2741 quoque
781 2654 998 2721 sordidissimo
1012 2651 1133 2720 homini

106 2753 266 2835 patuisset3
285 2755 396 2838 itaque
413 2754 530 2819 timens
548 2775 589 2820 ne
607 2753 751 2818 facinora
768 2773 827 2816 sua
840 2749 923 2816 olam
940 2771 998 2815 vos
1016 2761 1132 2827 essent,

109 2866 173 2911 cum
194 2848 347 2914 omnibus
368 2859 507 2914 matrum
529 2847 724 2912 familiarum
746 2846 823 2911 viris
845 2845 1016 2932 opprobrio
1040 2857 1132 2922 esset,

109 2941 264 3008 confessus
278 2952 330 3008 est
346 2942 438 3007 vobis
454 2942 657 3008 audientibus
676 2941 868 3006 adulterium
882 2961 988 3024 neque
1006 2939 1134 3005 erubuit

109 3053 159 3098 ora
173 3047 291 3102 vestra.
336 3037 469 3115 vixeris,
492 3047 529 3101 ut
551 3037 643 3113 libet,
663 3035 800 3113 Salusti,
819 3034 923 3120 egeris
941 3055 1024 3117 quae
1042 3033 1169 3104 volu-6

111 3126 178 3192 eris:
204 3130 284 3195 satis
306 3130 346 3196 sit
369 3153 471 3196 unum
493 3142 525 3196 te
547 3141 674 3195 tuorum
693 3129 850 3196 scelerum
867 3148 938 3190 esse
956 3125 1133 3190 conscium:

113 3220 173 3284 noli
194 3224 287 3289 nobis
314 3225 504 3311 languorem
531 3235 564 3290 et
591 3244 738 3309 soporem
764 3221 899 3286 nimium
926 3217 1134 3303 exprobrare:

23 3315 24 3318 ’
114 3333 215 3382 sumus
230 3318 404 3405 diligentes
426 3319 460 3383 in
478 3317 599 3384 tuenda
615 3316 771 3403 pudicitia
787 3336 925 3380 uxorum
942 3322 1135 3389 nostrarum,

113 3407 164 3472 sed
184 3409 227 3476 ita
245 3413 424 3498 experrecti
447 3434 513 3478 non
530 3433 656 3488 sumus,
683 3421 721 3475 ut
737 3433 758 3474 a
775 3421 808 3474 te
825 3430 939 3474 cavere
961 3405 1134 3492 possimus:

112 3502 238 3572 audacia
264 3517 321 3571 tua
347 3507 446 3572 vincit
469 3505 575 3571 studia
596 3515 716 3569 nostra.
761 3503 886 3586 ecquod
902 3501 989 3567 hunc
1006 3523 1135 3567 movere
1155 3525 1180 3566 rs

111 3598 218 3679 possit,
251 3611 359 3686 patres
389 3600 575 3686 conscripti,
602 3599 725 3664 factum
756 3598 867 3663 auditu
898 3607 1006 3684 turpe,
1040 3617 1136 3681 quem

111 3711 170 3756 non
195 3694 348 3779 puduerit
370 3696 477 3781 palam
504 3694 596 3760 vobis
619 3691 823 3758 audientibus
846 3691 1039 3758 adulterium
1061 3713 1137 3755 con·

111 3783 207 3852 iteri?
233 3789 320 3873 quod
342 3790 370 3854 si
391 3788 450 3855 tibi
471 3811 529 3875 per
551 3809 604 3852 me
631 3787 711 3852 nibil
736 3786 928 3872 respondere
954 3785 1137 3858 voluissem,

114 3879 166 3944 sed
180 3882 261 3948 illud
278 3885 458 3949 censorium
476 3882 617 3969 elogium
635 3881 737 3968 Appii
751 3878 880 3947 Claudii
899 3891 931 3946 et
948 3879 989 3943 L.
998 3875 1136 3952 Pisonis,

114 3973 382 4062 integerrimorum
409 3977 565 4055 virorum,
593 3997 657 4060 quo
679 3998 756 4041 usus
779 3986 828 4040 est
854 3974 989 4058 quisque
1016 3989 1138 4042 eorum,

117 4073 260 4160 prolege
284 4074 390 4159 palam
413 4072 570 4140 universis
591 4073 773 4147 recitarem,
799 4090 905 4135 nonne
931 4064 990 4131 tibi
1013 4062 1138 4129 viderer
