2674 4558
154 269 198 336 30
496 283 534 338 M.
554 283 690 340 TULLII
709 279 908 338 CICERONIS

217 406 259 472 V.
296 406 328 472 1.
354 430 429 472 nam
452 407 586 472 rusticos
610 407 640 472 ei
663 428 721 471 nos
744 405 846 472 videri
863 405 968 470 minus
987 415 1034 470 est
1057 404 1270 482 mirandum,

153 492 209 574 qui
231 492 422 558 manicatam
445 493 585 557 tunicam
608 503 640 558 et
662 493 787 556 mitram
806 503 838 556 et
861 513 1037 576 purpureas
1059 489 1178 554 fascias
1195 490 1270 554 ha·
1326 531 1327 564 3

153 577 230 643 bere
248 599 312 642 non
330 600 511 664 possumus.
556 590 592 642 tu
611 599 687 642 vero
705 577 854 654 festivus,
878 589 913 641 tu
936 577 1080 660 elegans,
1103 585 1139 640 tu
1163 577 1265 640 solus

153 661 309 740 urbanus3
327 685 424 748 quem
443 663 535 729 decet
553 661 715 728 muliebris
730 673 871 740 ornatus,
890 683 985 744 quem
1000 661 1146 726 ‘incessus
1166 662 1268 746 psal·
1326 713 1327 716 ,

155 748 250 824 triae,
269 749 324 831 qui
343 747 528 814 effeminare
545 749 682 825 voltum,
701 749 874 812 adtenuare
892 767 1018 824 vocem,
1035 747 1163 812 laevare
1184 767 1268 812 cor-

154 855 214 918 pus
232 847 333 918 potes.
377 835 577 920 osingulare
601 834 783 920 prodigium
802 845 897 916 atque
915 831 1106 897 monstrum!
1142 853 1264 896 nonne
1326 835 1327 838 ’

152 933 185 982 te
197 919 293 982 huius
310 920 431 1005 templi,
448 941 513 984 non
527 918 626 997 urbis,
644 941 708 983 non
722 918 818 993 vitae,
836 939 901 982 non
918 917 999 982 lucis
1017 916 1135 1002 pudet?
1158 917 1194 982 2.
1209 927 1263 994 tu,
1326 989 1327 1000 2

152 1003 209 1088 qui
225 1003 356 1070 indutus
374 1004 524 1068 muliebri
541 1014 630 1069 veste
648 1003 757 1080 fueris,
776 1003 900 1068 virilem
914 1024 1026 1067 vocem
1044 1002 1143 1067 audes
1159 1001 1264 1066 emit-

112 1147 118 1156 „
152 1101 234 1166 tere,
262 1089 352 1154 cuius
378 1089 581 1174 inportunam
608 1089 783 1154 lubidinem
807 1098 839 1154 ct
865 1098 1011 1174 stuprum
1034 1108 1107 1152 eum
1130 1087 1262 1152 scelere

153 1175 358 1240 coniunctum
376 1198 417 1240 ne
436 1174 633 1239 subornandi
651 1175 782 1258 quidem
799 1195 890 1238 mora
907 1173 1098 1239 retardavit?

217 1259 248 1324 3.
271 1271 347 1325 tune
366 1281 439 1324 cum
457 1261 652 1324 vincirentur
669 1260 767 1344 pedes
785 1259 907 1336 fasciis,
931 1281 1004 1323 cum
1022 1257 1179 1322 calautica
1199 1279 1260 1322 ca·
1326 1339 1327 1342 Ἴ

152 1344 210 1428 piti
224 1345 532 1422 adcommodaretur,
548 1366 621 1409 cum
636 1347 690 1409 vix
703 1345 894 1409 manicatam
909 1344 1049 1408 tunicam
1062 1343 1094 1406 in
1112 1343 1256 1408 lacertos
1326 1353 1327 1400 1

151 1429 331 1510 induceres,
350 1453 422 1496 cum
438 1431 579 1516 strophio
594 1431 743 1495 adcurate
757 1430 1007 1514 praecingerere‚
1024 1429 1057 1492 in
1071 1439 1137 1492 tam
1152 1428 1258 1512 longo
1326 1451 1327 1508 3

153 1515 255 1600 spatio
277 1538 452 1599 numquam
475 1527 507 1580 te
530 1515 631 1600 Appii
650 1513 767 1579 Claudi
793 1527 942 1600 nepotem
969 1536 1039 1579 esse
1064 1513 1254 1578 recordatus
1326 1519 1327 1576 J

153 1623 186 1664 es
195 1601 229 1720 i*
235 1621 343 1718 ppnne
362 1600 486 1664 etiamsi
504 1621 632 1664 omnem
650 1610 789 1665 mentem
812 1600 924 1664 lubido
943 1609 1113 1675 averterat,
1139 1608 1254 1662 tamen
1326 1597 1327 1650 ἶ

153 1707 193 1748 ex
278 1731 286 1748 .
1326 1739 1327 1742 ,

215 1769 247 1832 4.
270 1769 327 1833 sed
345 1769 450 1845 oredo,
468 1779 639 1854 postquam
657 1769 823 1854 speculum
841 1769 899 1834 tibi
918 1769 1059 1833 adlatum
1078 1779 1134 1845 est,
1152 1767 1253 1852 longe
1326 1799 1327 1804 ¹

150 1865 182 1920 te
200 1877 220 1918 a
237 1853 377 1938 pulchris
395 1854 508 1919 abesse
526 1855 661 1920 sensisti.

215 1948 275 2014 VI.
312 1948 341 2012 1.
365 1958 397 2012 at
420 1970 507 2025 sum,
530 1949 648 2031 inquit,
672 1949 846 2012 absolutus.
892 1969 976 2011 novo
994 1947 1123 2032 quidem
1141 1945 1250 2010 hercle

150 2055 248 2108 more,
267 2033 319 2096 oui
337 2033 393 2098 uni
410 2033 557 2097 absoluto
574 2034 646 2097 lites
664 2035 848 2098 aestimatae
867 2043 943 2097 sunt
960 2027 1007 2070 Η

213 2119 245 2182 2.
268 2119 360 2202 quasi
382 2139 443 2204 ego
465 2141 529 2182 non
552 2111 719 2183 contentus
742 2121 817 2194 sim,
841 2118 928 2202 quod
952 2117 1030 2182 mihi
1053 2117 1193 2201 quinque
1217 2128 1248 2182 et
1326 2157 1327 2206 q

151 2203 263 2288 viginti
288 2203 411 2268 iudices
434 2203 651 2280 crediderunt3
678 2201 820 2288 (XXXI
838 2204 897 2267 tibi
918 2203 998 2267 nihil
1017 2201 1247 2288 crediderunt),
1326 2207 1327 2280 l

150 2289 405 2460 qui>sequestres
429 2288 487 2354 abs
514 2300 545 2353 te
568 2289 744 2374 locupletes
771 2289 952 2374 acceperint
975 2286 1149 2373 (manifesti
1174 2309 1247 2372 per·

149 2396 234 2438 surr.

213 2459 243 2523 3.
267 2458 438 2525 divortium
456 2459 615 2546 pontificis
633 2460 764 2524 maximi
781 2460 827 2496 Η

212 2553 290 2620 VII.
328 2553 357 2618 1.
379 2553 544 2640 integritas
570 2566 626 2619 tua
653 2565 684 2618 te
711 2553 876 2640 purgavit,
904 2551 1113 2629 mihicrede,
1141 2550 1245 2637 pudor
1326 2517 1327 2596 l

149 2639 274 2724 eripuit,
293 2640 359 2703 vita
377 2650 450 2705 ante
469 2651 540 2706 aeta
558 2641 706 2705 servavit.
918 2687 923 2694 ·

189 2725 242 2787 -2.
266 2733 416 2806 quattuor
432 2725 490 2788 tibi
508 2726 679 2790 sententias
698 2727 781 2790 solas
800 2725 840 2788 ad
857 2724 1029 2809 perniciem
1048 2719 1197 2784 defuisse.

213 2808 243 2871 3.
266 2830 342 2871 nam
360 2807 401 2870 L.
420 2809 549 2892 quidem
570 2809 666 2874 Cotta
680 2811 756 2848 *Η
1146 2812 1151 2822 ’

210 2893 242 2956 4.
265 2902 301 2956 ut
318 2893 451 2976 posthac
469 2894 541 2976 lege
559 2896 693 2960 Aurelia
710 2895 806 2959 iudex
825 2915 893 2959 esse
911 2915 976 2956 non
993 2891 1104 2978 possit.

210 2977 307 3044 VIII.
339 2979 465 3037 Clodium
474 2988 649 3053 praesentem
660 2986 733 3057 fregi
744 2986 773 3040 in
783 2989 880 3040 senatu
889 3000 950 3038 cum
960 2981 1085 3038 orations
1097 2985 1235 3052 perpetua

145 3060 307 3132 plenissima
318 3057 472 3131 gravitatis,
484 3064 543 3114 tum
555 3061 732 3116 altercatione
741 3092 776 3102 -
786 3065 900 3131 rogatus
912 3075 965 3132 ego
977 3058 1144 3114 sententiam
1154 3060 1236 3116 multa

147 3128 204 3182 dixi
214 3129 251 3184 de
264 3143 370 3182 summa
384 3142 415 3181 re
428 3129 554 3199 publica,
570 3135 654 3200 atquc
665 3131 713 3183 ille
725 3131 801 3184 locus
811 3129 939 3183 inductus
952 3145 969 3181 a
980 3143 1025 3181 me
1042 3131 1085 3182 est
1100 3127 1235 3198 divinitus,

145 3213 181 3252 ne
192 3213 249 3250 una
260 3197 345 3267 plaga
356 3200 473 3276 accepta
487 3202 582 3268 patres
598 3197 746 3278 conscripti
758 3197 946 3266 conciderent,
958 3212 993 3250 ne
1006 3193 1166 3266 deficerent3
1181 3199 1234 3252 vol-

145 3280 197 3318 nus
210 3279 270 3320 esse
283 3263 341 3318 eius
352 3263 441 3332 modi,
458 3266 531 3334 quod
542 3266 611 3320 mihi
622 3283 674 3321 nec
685 3265 914 3319 dissimulandum
924 3281 976 3319 nee
992 3264 1234 3334 partlmescendum

144 3332 296 3402 sidereum
312 3345 348 3386 ne
363 3336 413 3386 aui
427 3333 581 3403 ignorando
593 3333 747 3388 stultissimi
762 3337 811 3388 aut
821 3333 970 3388 metuendo
981 3330 1153 3404 ignavissimi
1166 3333 1233 3386 iudi-

145 3415 283 3454 caremur:
306 3399 350 3454 bis
366 3400 522 3456 absolutum
538 3419 598 3457 esse
613 3403 774 3472 Lentulum,
794 3402 839 3457 bis
856 3400 1018 3470 Catilinam
1038 3399 1111 3452 hunc
1126 3399 1232 3454 tertium

144 3477 201 3530 iam
213 3491 274 3531 esse
285 3491 303 3530 a
313 3475 452 3531 iudicibus
463 3477 494 3532 in
504 3495 564 3532 rem
574 3479 717 3550 publicam
726 3477 887 3556 immissum.
917 3493 1018 3546 erras,
1041 3466 1151 3546 Clodi3
1172 3493 1232 3536 non

90 3617 91 3622 ,
146 3569 179 3618 te
195 3554 318 3620 iudices
335 3555 419 3633 urbi,
438 3558 494 3621 sed
513 3559 632 3624 carceri
649 3569 862 3635 reservarunt,
879 3578 983 3640 neque
1001 3565 1032 3620 te
1050 3553 1184 3621 retinere
1200 3557 1230 3622 in

145 3639 282 3717 civitate,
301 3641 359 3705 sed
376 3642 487 3708 exsilio
505 3643 631 3729 privare
649 3645 828 3710 voluerunt.
860 3666 957 3728 quam
975 3640 1015 3705 ob
1034 3661 1112 3716 rem,
1131 3639 1232 3726 petrei

145 3725 331 3810 conscripti,
350 3727 461 3810 erigite
480 3729 613 3806 animos,
632 3730 765 3796 retinete
783 3740 923 3796 vestram
941 3725 1138 3812 dignitatern.
1169 3751 1233 3792 ma·

143 3821 198 3875 net
214 3810 270 3875 illa
282 3810 316 3874 in
329 3833 364 3875 re
377 3811 507 3896 publiea
524 3814 680 3879 bonorum
695 3816 876 3898 eonsens103
895 3813 984 3878 dolor
999 3811 1132 3876 accessit
1147 3811 1231 3876 bonis

143 3895 235 3974 viris,
252 3897 352 3960 virtus
369 3917 434 3961 non
451 3908 499 3964 est
516 3897 698 3979 imminuta3
720 3902 798 3966 nihil
816 3910 865 3966 est
887 3897 994 3963 damni
1012 3897 1133 3959 factum
1151 3899 1230 3976 novi,

90 4047 97 4075 κ
144 3980 216 4056 sed,
243 3981 330 4065 quod
348 3991 431 4061 erat,
456 3984 622 4050 inventum
640 3997 703 4052 est:
729 3987 763 4052 in
780 3986 875 4050 unius
898 3982 1034 4048 hominis
1056 3981 1170 4065 perditi
1186 3983 1232 4048 iu-

142 4063 227 4129 dicio
244 4066 351 4150 plures
371 4068 487 4134 similes
505 4071 622 4156 reperti
641 4083 723 4138 sunt.
760 4075 826 4132 Cic.
840 4075 876 4129 ad
888 4073 1012 4128 Atticum
1026 4071 1049 4140 I,
1063 4071 1105 4142 16,
1118 4073 1143 4126 8·
1156 4074 1178 4126 9·
