2714 4554
492 305 742 363 FRAGMENTA.

92 439 247 496 astantem
264 425 359 494 ¹tenui
377 451 458 514 quae
477 430 591 495 candet
607 429 728 496 lumine
746 429 873 496 Phatne

91 521 166 602 apua
181 518 232 580 slat
248 516 283 580 iu
305 515 422 581 Carere
439 527 577 600 spectans
595 517 753 602 aquilonia
762 517 870 602 flabra

92 615 113 666 et
125 603 251 688 peminae
270 603 356 665 tenisi
371 601 473 666 stellae
485 602 612 687 fulpore
629 604 788 666 micantes:

91 688 135 750 bos
149 709 206 751 rou
223 688 372 752 distantes
390 689 517 751 nimium
534 689 697 752 nimiumve
709 691 904 774 propinquas

91 773 212 858 dispescit
227 774 364 858 spatium
382 773 481 837 cubito
497 795 560 837 non
578 773 670 838 latius
687 796 764 838 uuo:

90 858 223 922 iliasubit
239 859 378 934 Borean,
396 858 477 922 subit
494 859 565 924 baec
582 861 709 924 vicinior
726 860 884 924 Austrum.

91 943 133 1006 bae
147 945 259 1008 Asinos
276 945 393 1018 dieunt,
411 945 542 1009 mediam
558 945 708 1030 Praesepe
725 956 879 1020 vorarunt,

91 1031 157 1112 quoi
170 1030 268 1092 subito
288 1029 424 1114 liquidas
441 1052 529 1114 saepe
546 1033 692 1096 evanescit
708 1032 741 1094 in
760 1053 863 1105 aurae,

89 1136 143 1176 evm
159 1115 230 1179 caeli
246 1116 343 1179 nituit
357 1116 531 1200 penitebilis
549 1138 627 1179 aura
644 1114 749 1190 sereni,

29 1199 30 1202 ’
90 1200 253 1284 uniunpeus
269 1203 408 1286 pominos
425 1201 578 1265 subtracto
595 1203 692 1266 sidere
708 1202 845 1266 Atellae:

85 1285 195 1367 postilla
211 1287 365 1350 undosam
378 1288 494 1371 poteris
512 1298 644 1373 spectare
656 1287 835 1372 procellam.

90 1370 207 1455 sinipra
223 1373 263 1435 sit
280 1371 412 1447 Platae,
429 1373 559 1457 peminis
576 1373 659 1437 eolar
675 1395 754 1436 uuus
771 1373 805 1435 in
823 1375 915 1436 astris

89 1457 218 1532 ualuas,
231 1456 351 1542 pluviis
369 1458 531 1522 declivibus
549 1479 624 1522 arva
640 1457 815 1526 madebunt.

89 1541 234 1606 siBoreae
246 1544 382 1628 propior
401 1545 557 1630 lanpueuti
574 1555 692 1629 torpeat
707 1545 777 1629 ipre

91 1626 155 1690 nube
171 1627 263 1692 lentem
281 1650 380 1703 caeca
399 1632 493 1693 niteat
509 1631 638 1693 vicinior
654 1630 779 1717 AustrO,

87 1732 138 1794 pur
151 1716 285 1778 metuisse
302 1713 422 1779 Notum
440 1727 498 1779 est:
515 1727 622 1779 eontra
638 1715 686 1778 lviv
703 1718 731 1778 si
746 1727 887 1789 marceat,
905 1715 957 1780 ille

86 1795 199 1882 sulpeet,
217 1821 237 1862 a
257 1821 348 1864 saevo
366 1812 467 1865 ventos
485 1801 639 1886 Aquilone
655 1801 785 1865 notabis.

92 1891 171 1962 atque
188 1883 282 1950 etiam
302 1896 414 1952 ventos
432 1897 665 1971 praemonstrat
682 1907 777 1970 saepe
796 1884 921 1950 futuros

92 1965 216 2034 inflatum
233 1993 334 2048 mare,
353 1993 427 2036 eum
445 1971 550 2034 subito
567 1972 759 2056 penitusque
777 1972 935 2048 tumescit,

92 2072 213 2136 saxaque
231 2077 315 2120 vana
332 2057 407 2120 salis
424 2057 518 2121 niveo
536 2069 683 2142 spumata
700 2057 823 2140 liquore

92 2137 230 2206 tristificas
248 2153 375 2206 uertant
391 2142 423 2206 N
425 2154 543 2227 eptuno
561 2143 692 2208 reddere
710 2163 816 2217 voees,

95 2237 139 2286 sut
153 2225 265 2291 densus
287 2228 402 2292 stridor
420 2250 494 2292 eum
513 2229 597 2292 celso
615 2251 633 2294 e
651 2228 769 2292 vertiee
787 2227 903 2292 montis

93 2319 165 2374 onus
181 2312 369 2414 adaugeseit
388 2314 591 2398 scopulorum
609 2336 704 2398 saepe
721 2313 878 2397 repulsus.

96 2413 162 2459 esna
176 2397 255 2462 fulix
273 2399 386 2464 rtidem
404 2398 532 2484 fugiens
552 2422 569 2464 e
587 2399 714 2484 gurgite
732 2398 822 2482 ponti

29 2517 31 2592 p
95 2481 201 2546 nuntiat
217 2483 379 2548 horribilis
398 2485 538 2550 olamans
556 2485 674 2548 instare
692 2483 858 2568 proeellas,

29 2593 31 2664 p
96 2559 167 2629 haud
181 2570 323 2634 modicos
341 2570 476 2634 tremulo
494 2569 632 2634 fundens
651 2591 669 2634 e
686 2578 817 2654 gutture
836 2574 959 2630 eantus.

97 2651 222 2735 uppbum
238 2658 332 2720 etiam
349 2659 451 2720 videas
468 2657 551 2720 eaelo
568 2655 695 2718 vvl'tare
712 2673 815 2717 sereno

96 2748 184 2802 eontra
199 2753 339 2806 venturos
357 2743 521 2806 eonnivum
538 2762 662 2826 corpore
678 2749 796 2804 ventos:
849 2781 851 2786 -

97 2841 169 2906 saepe
177 2825 264 2910 seras
284 2839 388 2892 anates
406 2849 510 2892 cunas
527 2847 679 2912 merposve
696 2825 798 2890 relicto

97 2925 206 2990 aequore
221 2935 296 2978 mou
312 2914 447 2978 tremulis
466 2913 600 2977 tellurem
612 2913 761 2997 planpere
773 2911 901 3060 pennis3

29 3037 30 3040 η
98 3004 141 3054 avt
154 2995 221 3081 iupa
237 3020 271 3062 se
287 3021 399 3084 supera
415 3001 527 3062 montis
545 3000 712 3063 distendere
729 3019 771 3060 uu
791 3018 851 3060 em:

98 3078 261 3157 quinetiam
274 3085 387 3170 pappi,
405 3085 521 3148 senium
539 3086 672 3148 eaneutis
690 3082 846 3156 aeautbae,

98 3161 161 3258 baut
175 3171 252 3234 venti
269 3170 426 3244 iudicium,
444 3191 568 3234 numero
586 3193 653 3234 eum
663 3167 749 3254 sorte
765 3170 904 3232 videntur

98 3266 235 3344 {ormnem
249 3255 371 3340 placidi
379 3253 507 3340 fluitare
519 3276 578 3341 per
596 3276 728 3340 aequora
740 3255 841 3339 ponti.

99 3351 175 3399 sumo
191 3342 264 3405 adeo
284 3362 319 3404 eu
336 3341 402 3414 illa,
420 3341 550 3423 volitant
567 3363 628 3426 qua
646 3341 717 3404 dira
728 3360 789 3425 per
806 3349 921 3402 aestum

93 3414 215 3504 fulpura,
227 3437 421 3511 pentapetes
438 3436 578 3511 venturos
596 3446 715 3490 uoseere
723 3423 833 3509 flatus.

100 3503 225 3575 iudea
243 3511 346 3575 stellas
364 3513 459 3574 noetis
477 3511 602 3575 volitare
614 3532 675 3596 per
691 3509 831 3573 umbram

99 3595 260 3680 praecipites
278 3596 442 3682 lanposque
460 3618 479 3660 a
498 3608 580 3681 terpo
598 3595 745 3660 albescere
763 3604 886 3669 truanes,

102 3670 145 3736 boe
159 3679 211 3742 iter
227 3683 339 3746 mansi
355 3683 472 3746 vmient
487 3702 543 3766 per
559 3683 668 3745 inania
684 3681 774 3744 venti.

102 3759 214 3855 rivaria
229 3768 333 3832 varias
350 3767 452 3831 videas
470 3789 507 3832 ur
518 3778 610 3852 parte
628 3768 764 3831 radentes

103 3861 128 3942 u}
143 3857 230 3916 ueras
247 3873 333 3916 meere
349 3864 378 3917 et
395 3853 471 3918 oaeli
481 3873 541 3938 per
558 3852 665 3916 nubila
675 3851 767 3936 ferri,

105 3927 233 4001 ducatu
253 3937 373 4002 tendent
390 3939 510 4002 animae
526 3939 560 4000 in
578 3939 697 4002 diversa
714 3937 856 4009 locorum,

29 4085 30 4094 χ
105 4021 126 4073 el
139 4022 215 4085 varia
232 4021 383 4087 lumenve
398 4023 559 4109 percellent
568 4021 699 4108 flamine
715 4033 837 4086 mentes.

105 4093 201 4178 fulmen
216 4107 271 4172 ubi
288 4127 324 4172 eu
342 4109 441 4184 Euro,
452 4108 575 4193 fulmen
593 4107 731 4173 volitabit
749 4106 787 4171 ab
805 4106 930 4176 Austro,
