2704 4558
126 267 192 335 530
543 287 638 332 meaux
653 287 805 332 romeu.

141 417 252 542 ffiue
265 405 294 456 et
304 401 468 524 Pffiffium
478 399 644 472 reprehendi
699 396 864 522 {lpseOaseio
875 397 1023 472 significat,
1035 399 1072 454 ad
1082 399 1227 472 famXII,

240 470 373 526 mandata
436 470 505 524 tonii
524 473 667 537 tamquam
718 469 767 539 ,1.
803 467 887 538 paulo
902 471 966 539 post
979 487 1033 526 nr.
1050 468 1115 523 Kal.
1132 470 1225 542 April.

144 540 204 594 eius
215 538 316 612 legati,
327 556 382 594 non
393 544 536 621 tamquam
547 536 636 608 legati
648 552 667 590 a
701 536 921 605 Quinquatribus
929 542 1041 592 senatus
1050 538 1182 608 decreuit,
1194 545 1229 594 ut

143 613 243 692 senatu
258 609 296 663 ad
312 623 376 663 cum
390 607 480 676 ndssr,
499 603 667 677 perferenda
699 603 842 660 Mineruae
866 605 988 686 custodis
1010 605 1087 662 urbis
1112 606 1228 692 simula3

142 673 666 824 littteilqtttttitt
700 674 1229 815 tttfflttttttdtttti}

143 814 193 886 qui
218 814 248 869 in
275 813 415 885 legatione
441 813 479 867 ad
505 812 666 880 Antomum,
700 810 949 882 aufem-xmae,
962 813 987 865 1.
1008 812 1228 894 cumqueAnto

143 899 227 954 qnam
238 881 396 940 valetudine
409 880 532 962 graviter
540 879 667 935 adfectus
700 877 741 934 nii
762 879 844 934 amici
864 879 942 950 pacis
958 896 1021 935 cum
1037 895 1070 936 eo
1085 882 1229 936 ineundae

143 953 316 1021 susceperat,
333 966 468 1004 cum1am
484 949 521 1002 ad
538 963 666 1020 congres-
700 948 868 1004 mentionem
879 947 1228 1022 tedaenqsmatuslega-

142 1037 204 1076 sum
216 1017 445 1088 conloquiumque
457 1017 516 1072 eius
527 1017 667 1088 pervenis·
700 1021 743 1071 tos
754 1017 792 1071 ad
804 1031 867 1072 eum
879 1015 1004 1071 decrevit
1013 1016 1052 1070 ld
1064 1015 1228 1074 ciceronem

143 1092 199 1157 set,
215 1087 252 1141 ad
268 1103 351 1157 quem
363 1092 424 1141 erat
434 1085 548 1154 missus,
563 1085 667 1156 inipso
702 1088 731 1140 et
741 1084 775 1138 P.
790 1083 944 1140 Servilium.
972 1085 1069 1156 itaque
1081 1085 1181 1142 Cicero
1197 1087 1228 1141 in

143 1171 210 1211 cura
230 1159 260 1210 et
281 1155 462 1210 meditatione
482 1152 604 1212 obeundi
624 1151 667 1207 sui
701 1158 800 1208 senatu
815 1152 1076 1210 habuitorationem
1087 1154 1185 1226 Philip
1205 1155 1228 1209 i·

142 1220 668 1364 interrumpuntur:
702 1221 1021 1346 ussorem
1049 1172 1230 1348 olef,

144 1363 211 1416 dum
223 1362 249 1416 ei
260 1361 372 1433 publice
384 1361 541 1432 sepulerum
552 1357 667 1427 censuit,
700 1306 739 1412 1ga
732 1375 792 1412 sum
817 1375 884 1414 vero
911 1359 949 1414 ad
977 1375 1039 1414 eam
1067 1332 1228 1416 obcnnd’am

144 1435 264 1485 statuam
275 1447 330 1484 non
342 1429 457 1498 cenarit,
468 1427 565 1484 Dicero
574 1432 667 1483 autem
700 1377 829 1482 idoneum
840 1444 895 1482 non
904 1443 964 1483 osse
973 1429 1150 1484 demonstret.
1166 1433 1230 1484 tum

165 1504 208 1554 ost
226 1498 306 1553 illum
326 1502 441 1570 rogatus
460 1497 584 1552 oratione
600 1495 666 1550 Phi·
703 1497 815 1551 consule
826 1496 921 1550 Pansa
932 1496 969 1550 ad
983 1497 1089 1552 bellurn
1099 1497 1226 1568 profecto

143 1517 186 1639 Ep
205 1567 250 1621 ica
261 1583 335 1622 noua
346 1566 490 1631 suasit,ut
500 1570 613 1635 praeter
625 1579 666 1618 se·
701 1563 740 1617 M.
761 1564 897 1619 Aemilius
917 1564 1042 1636 Lepidus
1064 1566 1166 1622 litteris
1189 1567 1228 1622 ad

143 1654 163 1707 p
194 1635 234 1690 cri
247 1634 518 1691 honoremeistatua
530 1632 668 1705 pedestris
701 1631 994 1688 sonatummissiseum
1005 1634 1043 1688 ad
1054 1649 1227 1704 paeemcum

144 1707 233 1758 aines
254 1705 285 1758 in
306 1704 402 1786 rostris
430 1707 610 1769 statueretur,
638 1701 668 1758 in
701 1701 823 1782 Antonio
834 1701 992 1784 faciendam
1003 1703 1163 1786 cohortatus
1174 1709 1227 1773 est,

145 1787 261 1895 sus
278 1839 668 1894 fn,
701 1771 1227 1908 ,affirm

144 1909 277 1980 probatur
288 1908 435 1978 Pomponii
451 1909 487 1962 de
504 1922 611 1978 omgmc
626 1923 667 1960 ru·
701 1911 816 1977 rogatus
827 1908 1169 1980 umbonemPhihppicam
1178 1911 1227 1964 de·

143 1977 196 2046 ris,
217 1977 266 2047 qui
280 1977 353 2029 hanc
370 1980 490 2030 statuam
505 1993 557 2045 pro
573 1975 668 2030 rostris
702 1975 802 2030 cimam
816 1975 928 2030 tertiam
942 1975 1053 2047 habuit,
1074 1993 1129 2046 qua
1145 1993 1228 2032 secus

27 2058 31 2065 ·
143 2043 266 2116 Augusti
286 2048 394 2100 emtarc
408 2048 535 2098 testatum.
571 2048 668 2114 postea
701 2043 879 2098 sentientium
901 2045 1053 2101 ratiombus
1076 2046 1228 2100 mutuatis
1340 2095 1341 2110 ζ

144 2130 207 2168 oum
218 2111 258 2165 M.
267 2111 370 2166 Brutus
381 2128 431 2166 seu
443 2110 587 2183 Q.anpio
598 2111 668 2166 Bru-
701 2111 816 2192 negavit
837 2128 937 2194 paoem
959 2126 1021 2168 oum
1043 2112 1083 2167 M.
1103 2114 1228 2170 Antonio
1340 2113 1341 2126 ,

142 2186 189 2236 tus
209 2180 244 2235 de
267 2180 351 2235 rebus
374 2180 431 2236 suis
453 2181 483 2236 in
503 2179 668 2235 Macedonia
702 2194 817 2248 crusque
837 2195 919 2234 secus
939 2196 999 2236 esse
1018 2197 1107 2254 posse.
1143 2183 1228 2237 simul

144 2250 232 2324 gestis
243 2251 280 2305 ad
296 2254 423 2306 senatum
438 2250 545 2306 litteras
556 2247 668 2320 publice
702 2249 819 2319 epistole
842 2249 879 2304 ad
894 2249 1033 2322 Lepidum
1055 2251 1160 2321 scripta
1179 2253 1226 2318 (ad

143 2320 235 2375 misiss
285 2318 378 2374 Pausa
390 2319 484 2374 statim
495 2323 593 2373 senatu
604 2331 668 2372 con·
702 2316 768 2372 iam.
780 2318 819 2387 X,
830 2317 884 2386 27.)
900 2334 975 2386 enm,
995 2335 1031 2374 ne
1051 2333 1081 2373 se
1096 2319 1127 2373 in
1142 2319 1227 2375 istam

143 2394 241 2444 vocato
278 2387 352 2444 obis
368 2387 468 2443 litterIs
487 2385 607 2455 rettulit,
623 2383 668 2440 Οἱ-
702 2386 1157 2458 pacificationeminterponst,dili
1195 2407 1225 2443 n·
1339 2417 1340 2420 ¹

145 2474 209 2513 cero
233 2457 356 2512 oratione
375 2456 538 2528 Philippica
560 2454 669 2510 decima
702 2457 889 2510 terhortatur.
915 2470 941 2509 a.
952 2455 1123 2511 d.xv11.Kal.
1165 2458 1227 2512 aias

144 2527 252 2580 censuit
264 2542 327 2580 eum
339 2530 368 2580 ct
377 2523 595 2589 Q.Hortensium
607 2540 669 2594 pro·
703 2522 843 2578 Antonius
861 2523 936 2606 apud
951 2523 1088 2578 Mutinam
1109 2524 1228 2581 ducibus
1339 2535 1340 2542 ’

144 2595 284 2675 ponsulem
315 2593 430 2676 publice
466 2592 670 2674 conlaudandus
701 2591 796 2646 Pansa
808 2595 837 2646 et
847 2591 938 2646 Hirtio
950 2592 1108 2674 consulibus
1119 2595 1228 2676 proelio

143 2663 235 2732 risque
245 2677 447 2733 provinciarum
457 2662 669 2716 admrmstrauo-
704 2665 849 2729 superatus
858 2665 913 2729 est,
925 2661 1024 2729 quade
1033 2667 1149 2716 vrctona
1157 2681 1227 2718 nun-

143 2747 254 2786 nemao
269 2730 385 2783 tutelam
401 2745 482 2800 porro
498 2727 669 2782 committen-
701 2727 751 2782 tiis
770 2727 886 2782 Romam
926 2729 1020 2784 erlstis
1035 2729 1133 2786 Cicero
1152 2733 1227 2802 prid.
1338 2753 1339 2780 ;

145 2800 210 2851 dam
223 2813 291 2852 esse.
315 2796 416 2851 deinde
428 2793 670 2850 cumG.Antonius
703 2796 817 2852 Vinalia
826 2815 852 2851 x.
920 2797 1002 2852 .Mai.
1016 2798 1115 2853 habuit
1126 2802 1227 2856 oratio-

143 2864 321 2934 Apolloniam
331 2866 448 2931 teneret,
466 2860 497 2916 Ο.
512 2860 668 2917 'lbebonius
703 2881 768 2920 nem
783 2865 971 2936 Philippicam
988 2866 1124 2924 decimam
1145 2885 1228 2940 quar·

144 2937 238 2986 autem
246 2930 344 2985 Asiam
355 2931 526 3000 provinciam
537 2929 670 2986 obtinuis-
703 2939 775 3004 tam,
798 2934 827 2988 in
848 2950 904 3004 qua
923 2933 1007 2989 trium
1029 2935 1227 3008 imperatorum

144 3004 200 3070 set,
216 2999 250 3055 P.
268 2997 417 3054 Dolabella
431 2998 461 3055 in
478 2999 588 3072 Syriam
607 3016 669 3070 pro·
704 3001 814 3056 Pansae
825 3007 855 3056 et
865 3001 951 3056 Hirtii
964 3008 992 3058 et
1004 3001 1131 3059 Caesaris
1143 3005 1226 3061 Octa·
1337 3027 1338 3072 }

145 3069 272 3125 fieiscens
312 3067 483 3124 'Trebonium
528 3069 670 3125 incautum
703 3071 777 3126 vieni
788 3069 899 3124 nomine
907 3071 1138 3142 supplicationem
1147 3075 1226 3145 quin·
1337 3081 1338 3112 l

147 3138 195 3196 Sm
248 3136 670 3210 eeoppressitetcrudelissime
705 3137 840 3210 quaginta
860 3137 966 3193 dierum
983 3140 1118 3208 decrevit,
1138 3143 1227 3197 Anto·

145 3225 195 3264 ver
215 3209 308 3264 eribus
319 3223 353 3262 ac
364 3207 508 3263 tormentis
519 3207 670 3262 laceratum
703 3206 778 3260 nium
792 3206 895 3277 quique
904 3223 965 3262 cum
980 3223 1013 3262 eo
1026 3215 1119 3264 essent
1132 3212 1229 3266 hostes

146 3276 295 3333 interiecit.
344 3292 381 3330 ua
391 3293 422 3331 re
435 3276 547 3356 cognita
558 3277 670 3329 senatus
703 3274 879 3345 iudicandos,
894 3275 1009 3346 milites,
1026 3277 1073 3349 qui
1087 3295 1139 3349 pro
1154 3295 1187 3334 re
1197 3298 1228 3350 p.

143 3344 322 3401 Dolabellam
364 3349 452 3400 ostem
471 3341 618 3411 iudicavit,
642 3347 671 3396 et
703 3343 870 3413 interierint,
886 3351 1061 3400 monumento
1073 3359 1157 3416 quam
1169 3364 1228 3403 am·

146 3413 360 3467 cuminsenatu
369 3417 499 3485 ageretur
508 3412 543 3466 de
551 3411 669 3482 impera·
703 3411 828 3493 plissimo
847 3412 1077 3484 cohonestandos,
1098 3430 1229 3488 quaeque
1336 3407 1337 3432 ¹

144 3485 206 3534 tore
232 3480 395 3550 deligendo,
423 3481 472 3551 qui
495 3479 670 3535 Dolabellam
703 3480 739 3534 ris
766 3480 891 3550 praemia
917 3486 1028 3536 senatus
1056 3484 1226 3555 decreverat,

145 3547 219 3630 bello
240 3553 464 3631 persequeretur,
489 3547 586 3604 Cicero
607 3563 670 3603 cen·
704 3548 919 3630 capas-entibus,
935 3547 1040 3621 liberis,
1052 3553 1228 3626 coniugibus,

146 3621 201 3670 smt
218 3613 248 3670 Ο.
263 3613 388 3670 Casurum
405 3617 583 3688 dehgendum
600 3633 670 3684 esse,
704 3617 835 3672 frebubus
852 3633 946 3672 eorum
960 3620 1143 3690 persolvenda
1164 3638 1227 3678 cen·

146 3700 231 3754 quam
258 3682 422 3738 sententiam
448 3684 605 3754 complexus
628 3688 672 3738 est
704 3686 766 3739 suit
800 3687 835 3740 de
850 3686 967 3741 victoria
977 3687 1128 3744 Mutinensi
1139 3689 1177 3744 of.
1190 3692 1229 3746 ad
1334 3687 1336 3700 ’

146 3755 270 3809 oratione
281 3751 441 3823 Philippica
451 3751 606 3806 undecima.
625 3753 670 3810 oui
704 3753 770 3808 fam.
782 3754 820 3819 X,
832 3755 875 3809 30.
886 3755 954 3825 ΧΗ,
967 3757 1009 3811 10.

146 3823 300 3877 sententiae
322 3837 384 3876 oum
399 3820 493 3876 Pansa
513 3820 608 3874 consul
626 3835 669 3874 re·
737 3821 783 3876 De
805 3822 884 3877 libris
904 3823 961 3877 suis
981 3823 1079 3879 Cicero
1101 3826 1162 3910 ipsa
1186 3828 1228 3882 ita

146 3896 311 3962 pugnasset,
340 3888 437 3945 Cicero
463 3888 613 3960 productus
640 3888 669 3941 in
705 3890 845 3946 dieser-aits
877 3893 1035 3960 ‘quaerenti
1062 3895 1130 3949 mihr
1156 3897 1228 3952 mul·

147 3959 302 4014 contionem
313 3975 331 4013 a
342 3957 452 4014 tribuno
463 3954 670 4029 pl.M.Servilio
703 3963 818 4028 tumque
836 3964 865 4014 et
880 3960 928 4016 diu
944 3961 1088 4032 cogitanti,
1124 3980 1229 4022 uanam

148 4026 264 4080 eandem
292 4041 404 4082 oausam
430 4027 506 4097 apud
537 4025 669 4108 populum
702 3979 1228 4110 repossemprodesscquampffurimis,

147 4105 252 4144 summo
273 4093 331 4144 cius
352 4110 486 4150 consensu
502 4099 573 4166 egrt,
595 4093 669 4166 quod
702 4096 1075 4162 nequandomtermitterem
1084 4102 1230 4156 considere
