2714 4554
218 271 368 327 ORATIO
381 271 515 327 PRIDIE
529 273 639 339 QUAM
650 274 693 332 IN
704 272 862 334 EXSILIU
864 275 895 330 M
906 275 998 332 IRET
1011 278 1087 334 3-6.
1144 263 1207 330 159

11 429 12 454 1
103 395 158 482 qni
175 418 243 460 non
265 394 327 461 sibi
350 417 390 461 ac
412 395 479 462 suis
497 396 622 462 diffidat
640 397 796 462 fortunis?
822 421 886 483 quo
906 400 990 465 enim
1009 423 1043 466 se
1061 401 1138 468 satis

104 501 208 556 tutum
232 487 442 556 arbitrabitur
463 490 642 575 praesidio?
668 492 793 558 virtutis
817 493 939 578 gloria?
966 504 998 558 at
1021 515 1060 561 ea
1081 517 1140 560 nos

106 584 176 670 ipsa
195 583 257 650 hoc
276 595 422 670 tempore
445 595 625 670 oppugnat.
666 586 870 652 multitudine
888 588 1085 654 amicorum?
1107 600 1141 654 at

106 701 219 765 parurn
237 690 286 744 est
309 678 409 745 fortes
426 701 461 744 se
480 701 550 744 esse
572 678 709 756 amicos,
737 681 764 744 si
789 680 823 745 in
850 702 959 748 eorum
982 693 1140 767 potestate

104 785 212 838 nostra
236 773 298 838 sita
321 773 408 838 salus
429 794 495 838 non
520 784 578 838 est.
622 774 783 859 paucitate
804 775 1025 841 inimicorum?
1051 787 1086 840 at
1105 776 1140 841 id

11 879 12 900 ³
103 890 167 933 non
192 869 229 932 in
255 867 372 952 ipsius,
405 868 522 934 sedin
554 867 689 932 aliorum
719 869 883 936 voluntate
908 870 1050 957 positum
1080 883 1138 936 est.

104 985 176 1027 nam
204 982 273 1026 non
302 961 379 1026 satis
401 972 450 1027 est
472 984 513 1028 ne
532 961 585 1027 cui
607 962 756 1028 iniuriam
775 963 878 1028 facias
902 965 1084 1050 providere,
1112 965 1139 1030 si

104 1069 212 1124 tamen
242 1067 318 1120 sunt
340 1057 512 1122 voluntarii
534 1055 669 1133 inimici,
696 1057 753 1142 qui
774 1057 837 1122 tuis
859 1059 1008 1144 praemiis
1031 1069 1064 1125 te
1082 1081 1139 1145 op-

103 1161 262 1237 pugnent.
318 1161 414 1235 atqne
438 1151 518 1216 adeo
546 1171 620 1216 cum
642 1150 723 1219 haec
749 1153 857 1216 omnia
884 1152 1033 1218 omnibus
1065 1165 1138 1219 sunt
1156 1170 1182 1210 1⁸

104 1246 219 1331 gravia
246 1255 344 1329 atque
367 1245 497 1323 acerba,
525 1257 593 1310 tum
616 1267 693 1311 vero
714 1245 808 1310 nobis
832 1245 948 1311 misera
970 1256 1067 1331 atque
1089 1249 1137 1311 in-

103 1338 288 1416 toleranda,
316 1359 452 1423 quorum
475 1349 506 1404 et
528 1339 634 1404 officia
656 1340 690 1404 in
713 1361 781 1404 rem
802 1339 966 1425 publicam
987 1340 1138 1405 recentis-

103 1433 183 1498 sima
207 1444 240 1498 et
263 1432 465 1498 incommoda
486 1433 528 1497 ob
551 1455 619 1499 rem
641 1433 804 1518 publicam
826 1432 1084 1517 frequentissima
1105 1434 1138 1498 in

102 1527 227 1593 familia
244 1537 424 1592 versantur.
457 1526 589 1592 nuncsi
607 1528 720 1593 eadem
738 1527 883 1593 condicio
901 1527 1138 1613 disceptationis

102 1632 310 1708 proponetur,
329 1621 424 1705 aequi
443 1621 603 1687 auditores
622 1623 869 1700 adhibebuntur,
887 1646 982 1689 aures
999 1645 1065 1688 non
1081 1624 1139 1688 ob-

101 1729 221 1781 tunsae
239 1716 472 1794 criminatione,
495 1717 553 1781 sed
576 1739 697 1782 vacuae
714 1718 967 1803 praebebuntur,
990 1718 1138 1802 quisunt

103 1810 251 1876 adsecuti
272 1833 433 1876 summum
455 1812 593 1897 gradum
615 1811 759 1891 honoris,
786 1834 851 1877 non
874 1812 1138 1898 despoliabuntur

102 1905 226 1970 honore
231 1929 241 1982 3
259 1905 314 1989 qui
333 1918 471 1991 sperant,
490 1906 616 1972 facilius
634 1917 666 1972 et
683 1907 856 1992 proclivius
874 1907 916 1971 ad
933 1907 1063 1974 laudem
1079 1927 1137 1971 no-

104 1999 235 2064 bilitatis
262 1999 459 2085 pervenient.
505 2021 602 2084 qnam
624 2000 666 2065 ob
695 2024 763 2067 rem
785 2001 859 2066 nolo
881 2024 933 2067 me
956 2001 1038 2068 duce
1062 2024 1138 2088 sup·

105 2093 187 2178 plicii
206 2113 267 2158 vos
285 2093 328 2157 ad
344 2093 492 2159 fraudem
508 2093 632 2172 deduci,
652 2105 688 2160 ut
702 2117 763 2180 ego
778 2095 820 2160 ad
836 2094 1006 2181 pristinum
1019 2105 1137 2160 statum

103 2187 245 2253 recidam
263 2209 367 2254 casus.
407 2208 492 2252 nunc
509 2186 617 2274 igitur,
637 2188 664 2253 si
681 2189 793 2274 lingua
810 2199 859 2253 est
877 2189 1136 2266 concertandum,

102 2280 305 2348 innocentiae
327 2283 444 2348 virtute
466 2281 567 2347 fretus
591 2303 722 2368 super03
746 2283 774 2346 si
797 2282 883 2348 facta
901 2282 1137 2368 compensanda

103 2388 190 2454 sunt,
210 2375 416 2442 conferamus
434 2377 643 2462 aequitatem3
662 2377 689 2442 si
705 2377 875 2442 violentiae
892 2378 1015 2463 impetu
1031 2378 1138 2462 oppri-

102 2471 236 2548 mimur,
269 2470 424 2536 decedam
454 2494 513 2558 pro
540 2471 688 2537 omnibus
715 2493 798 2536 unus
831 2471 1001 2535 tribunicio
1027 2471 1137 2546 furori,

102 2566 256 2650 quoniam
275 2565 416 2631 laborem
434 2566 629 2653 procuretis
647 2565 789 2651 perferre
807 2565 968 2630 consuevi.
996 2565 1023 2630 si
1040 2564 1137 2650 igitur
1155 2565 1172 2618 6

103 2660 211 2745 aliquo
239 2669 384 2746 tempore
406 2660 446 2724 iis
468 2659 651 2726 hominibus
671 2659 890 2736 consuluistis,
915 2679 1051 2743 quorum
1069 2660 1138 2725 ani·
1156 2637 1183 2676 ¹⁴

11 2837 12 2842 ἵ
103 2777 175 2820 mus
193 2754 359 2840 religionis
377 2755 495 2841 pietate
512 2755 682 2822 defunctus
701 2765 759 2832 est,
777 2753 900 2820 debetis
917 2753 996 2820 mihi
1010 2775 1137 2839 qnoque

104 2849 302 2936 prospicere,
329 2850 385 2932 qui
410 2850 535 2915 numini
558 2850 691 2915 deorum
713 2859 933 2916 consecratum
955 2861 1076 2915 sartum
1100 2871 1138 2914 ac
1229 2918 1230 2921 ,

105 2955 227 3009 tectum
245 2943 288 3008 ab
306 2945 393 3009 omni
415 2945 557 3030 periculo
574 2945 761 3011 conservavi
779 2956 824 3022 et,
847 2967 905 3010 vos
926 2956 962 3011 ut
980 2957 1082 3010 tutam
1100 2968 1138 3009 ac
1230 2981 1231 2988 κ

103 3036 311 3122 tranquillam
333 3037 496 3104 fortunam
518 3037 700 3118 traheretis,
727 3061 800 3105 mea
822 3039 941 3126 perfeci
962 3039 1138 3124 vigilantia.
1228 3044 1233 3127 '13

102 3153 182 3196 narn
198 3155 266 3210 me,
294 3155 391 3218 quem
412 3135 509 3219 paulo
528 3145 601 3200 ante
619 3134 748 3200 fortuna
765 3142 911 3200 erexerat
929 3131 970 3196 ad
992 3129 1138 3216 gloriam,
1230 3165 1234 3178 ι
1345 3135 1346 3140 ’

11 3275 12 3280 1
103 3222 189 3312 (cui)
214 3227 313 3293 virtus
340 3229 475 3294 contulit
500 3228 644 3306 laudem,
672 3229 810 3316 populus
837 3225 948 3292 tribuit
972 3224 1138 3301 honorem,
1229 3228 1233 3296 j

104 3319 246 3386 eundem
262 3322 384 3389 tribuni
406 3322 496 3388 furor
513 3324 694 3410 exagitatus
713 3321 835 3409 depulit
854 3321 896 3386 ad
914 3319 1137 3386 calamitatem.
1232 3342 1242 3408 ζ

103 3413 258 3499 quoniam
279 3418 547 3484 animadvertistis
570 3418 658 3483 issam
679 3416 946 3502 conspirationem
970 3412 1139 3480 conflatam
1236 3454 1238 3458 2

102 3510 150 3575 ita
167 3531 239 3577 esse
256 3513 457 3590 restinctum,
474 3523 511 3578 ut
527 3513 618 3578 nulla
634 3511 773 3578 scintilla
791 3520 974 3596 compareat
990 3509 1139 3587 incendii,

102 3626 163 3670 vos
181 3626 313 3690 quoque
335 3606 540 3672 tribuniciam
562 3607 671 3672 sedate
693 3605 904 3671 temeritatem
921 3639 965 3652 -
981 3603 1037 3688 qui
1054 3625 1140 3669 nunc

103 3721 139 3766 se
158 3699 239 3766 milri
256 3701 423 3766 inimicum
441 3700 594 3778 ostendit,
613 3700 754 3786 seprius
772 3721 842 3765 esse
859 3709 1000 3765 vestrum
1017 3698 1141 3783 profes-

104 3816 161 3860 sus
179 3805 230 3861 est
247 3795 414 3861 inimicum
430 3829 489 3872 ··-,
511 3818 552 3862 ne
575 3795 622 3862 rei
639 3793 810 3861 crudelitas
829 3804 962 3880 experta
982 3793 1016 3856 in
1033 3813 1085 3856 me
1107 3790 1141 3852 in

104 3911 163 3956 vos
181 3891 388 3971 convalescat
406 3900 437 3957 et
462 3890 626 3956 calamitas
643 3899 803 3956 remorata
824 3887 951 3975 longius
969 3893 1076 3969 serpat
1093 3893 1141 3946 at-

11 3989 16 4096 )
107 4004 169 4067 qne
191 3983 433 4074 progrediatur,
459 3995 659 4071 praecavete.
703 4005 790 4050 nunc
816 3982 868 4048 vel
891 3981 977 4046 solus
999 3977 1141 4041 delectus
1160 3989 1184 4034 1⁵

109 4079 149 4144 ad
174 4079 391 4148 calamitatem
413 4079 466 4147 vel
486 4079 609 4166 primus
636 4076 678 4146 ad
705 4078 768 4146 tale
792 4085 942 4144 evocatus
964 4069 1141 4158 periculum
