2674 4558
145 253 165 318 6
237 279 244 288 ·
490 265 529 320 Μ.
548 257 685 324 TULLII
702 263 901 322 CICERONIS

143 386 281 460 prioribus
297 387 365 440 dent
381 389 574 458 argumentum
590 387 627 440 ad
644 401 691 456 ea,
708 401 780 456 quae
792 388 956 456 sequuntur,
973 399 1090 453 quorum
1102 383 1181 436 duas
1196 381 1276 452 qui-
1308 393 1309 396 ’

144 464 218 518 dam·
229 462 337 534 speeies
354 478 414 518 essa
430 462 587 518 votuerunt:
609 463 734 533 aetionis,
755 467 787 516 ut
806 478 857 532 pro
874 459 979 532 Oppio:
1004 473 1084 536 quos
1108 453 1271 518 educere

144 543 260 608 invitos
287 543 321 608 in
346 543 545 629 provinciam
566 565 632 608 non
653 542 772 629 potuit,
801 563 855 606 eos
881 541 998 604 invitos
1025 540 1166 604 retinere
1200 539 1271 622 qui
1308 597 1309 602 ,

144 629 267 714 potuit?
294 649 464 706 consequens
476 633 551 690 enim
563 639 606 689 est
619 649 674 704 eos,
687 633 735 704 qui
747 632 828 687 inriti
840 631 905 686 duci
915 649 971 686 non
982 629 1133 702 potuerint,
1146 629 1270 684 invitos

144 729 200 766 non
232 709 334 766 otuisae
345 711 468 766 retineri.
506 711 619 778 Quint.
631 711 668 780 V,
680 712 724 780 10,
737 712 778 766 76.

209 729 240 848 Ξ.
264 801 407 842 commune
419 787 467 858 qui
477 787 555 860 prior
566 787 643 857 dicit,
657 786 824 842 eontrarium
835 785 918 855 faeit3
931 790 974 840 est
985 784 1059 840 enim
1071 783 1266 849 contrarium,
1308 799 1309 802 ¹

146 890 201 944 quo
213 872 389 928 adversarius
400 872 473 928 bene
484 873 526 927 uti
541 877 648 944 potest:
665 877 699 932 at
716 867 801 932 enim
818 887 885 930 non
903 865 1073 930 verisimile
1092 874 1156 940 est,
1183 873 1267 926 tari-

147 965 215 1018 tum
239 952 343 1019 soelus
365 953 415 1016 Μ.
435 949 564 1018 Cottam
588 975 657 1018 esse
685 963 910 1018 commentum.
954 950 1051 1034 qnid?
1078 951 1141 1015 hoo
1169 948 1266 1012 veii-
1308 1015 1309 1018 ,

148 1037 250 1176 {igni-ibe
269 1048 332 1116 est,
351 1047 476 1103 tantum
494 1039 598 1104 scelus
618 1035 764 1124 Oppium
782 1059 851 1104 esse
869 1037 1039 1102 conatum?
1087 1040 1204 1108 Quint.
1221 1039 1262 1108 V,

183 1161 244 1255 '42
265 1202 462 1276 questusque
480 1215 605 1258 meeum
625 1203 682 1266 est,
726 1196 915 1252 Arusianus
941 1216 969 1268 p.
995 1195 1046 1252 257
1073 1196 1116 1250 sd.
1144 1193 1260 1250 Linde-

146 1289 242 1410 meing..
253 1349 390 1406 ‘existimo
406 1351 531 1406 Tullium
549 1353 693 1422 praeclare
708 1352 914 1421 pronuntiasse,
933 1367 996 1404 eum
1012 1348 1178 1405 defenderet
1195 1347 1257 1418 Op·

146 1437 237 1508 pium:
256 1431 373 1498 etenim
394 1433 531 1496 multum
553 1453 647 1516 posse
666 1431 708 1495 ad
730 1433 866 1498 salutem
885 1431 1014 1495 alterius
1032 1429 1147 1493 honori
1165 1429 1256 1493 mul-

146 1515 200 1592 tis,
219 1538 333 1602 parum
350 1517 491 1601 potuisse
509 1516 551 1580 ad
569 1517 717 1598 exitium,
739 1515 857 1602 probro'
875 1516 995 1582 nemini
1013 1537 1157 1598 unquam
1176 1514 1253 1578 fuit.
1308 1525 1309 1528 ’

145 1598 304 1653 Ammian.
318 1598 470 1654 Mareell.
483 1597 578 1668 XXX,
591 1599 617 1667 8,
631 1599 656 1652 l.

210 1678 241 1742 6.
262 1700 316 1738 nen
326 1683 356 1737 in
367 1682 506 1754 personis,
523 1682 614 1737 sedet
629 1683 660 1737 in
671 1683 756 1738 rebus
767 1688 893 1739 versatur
904 1685 975 1739 haee
987 1684 1125 1738 contraria
1136 1681 1253 1736 disendi
1308 1673 1309 1744 J

146 1784 229 1838 quam
241 1784 313 1838 quae
324 1767 452 1839 intellegi
463 1767 532 1822 velis
544 1767 625 1837 ratio,
637 1771 669 1822 ut
679 1799 715 1810 -
725 1768 774 1823 ille
787 1786 839 1840 pro
851 1769 944 1840 Oppio
954 1769 1046 1823 locust
1068 1784 1087 1827 o
1105 1784 1252 1828 amorem

144 1849 274 1914 miruml
303 1869 322 1912 o
340 1847 596 1914 benevolentiam
614 1849 827 1934 singularem!
855 1853 967 1921 Quint.
980 1853 1033 1923 IX,
1045 1853 1071 1916 2.
1083 1853 1126 1909 51.
1308 1849 1309 1852 ’

210 1943 240 2020 7,
259 1941 290 2018 8,
310 1941 361 2006 13.
384 1952 427 2003 est
443 1947 559 2003 oratoris
574 1948 687 2004 interim
704 1947 830 2020 efficere,
852 1947 968 2019 utquid
984 1977 1019 1988 -
1035 1947 1202 2004 oonnarium
1212 1977 1250 1990 —·
1308 1971 1309 1978 ¹

144 2023 270 2082 videatur
283 2041 351 2079 esse.
360 2053 396 2064 -
406 2023 526 2078 obicitur
535 2025 627 2096 Oppio
632 2027 678 2094 (8),
692 2027 767 2095 quod
778 2027 813 2081 de
856 2026 862 2038 ’
877 2026 946 2079 ‘tum
957 2024 1070 2080 cibariis
1083 2024 1247 2094 demanarit,

143 2110 273 2172 asperum
285 2093 400 2174 crimen:
416 2094 467 2174 sed
476 2093 508 2147 id
520 2095 688 2174 eontrarium
699 2095 820 2175 ostendit
828 2093 943 2175 diseio,
959 2094 1025 2176 quia
1036 2093 1122 2148 iidem
1134 2109 1247 2148 assusa-
1308 2141 1309 2176 3

143 2160 1247 2310 titttttttitillabittttbtittttttittttstitit-”titii
1308 2299 1309 2302 Ν

144 2303 332 2364 excutiuntur,
345 2315 381 2352 aii
391 2314 458 2352 vera
469 2299 537 2368 sint,
551 2305 599 2353 aut
610 2299 744 2369 finitione,
757 2317 794 2354 an
824 2301 927 2372 ropria,
940 2305 988 2353 aut
1000 2300 1144 2370 qualitate,
1157 2315 1193 2353 an
1202 2299 1245 2353 in-
1308 2347 1309 2352 ,

144 2367 273 2436 honesta,
288 2367 394 2436 iniqua,
409 2366 538 2438 improba
548 2368 712 2436 inhumana,
725 2369 809 2422 crude
823 2369 858 2439 'a,
872 2373 900 2423 et
912 2373 1014 2438 cetera,
1027 2384 1099 2438 quae
1112 2369 1138 2423 ei
1149 2368 1246 2441 generi
1308 2409 1309 2414 κ

145 2434 288 2504 assiduum
305 2451 393 2506 saque
408 2453 464 2491 non
475 2437 557 2490 modo
573 2438 603 2490 in
614 2453 665 2508 pro
687 2436 859 2506 ositionibus,
872 2438 922 2492 sed
934 2437 962 2490 in
974 2441 1033 2492 toto
1046 2453 1148 2509 genere
1160 2436 1243 2492 actio-
1308 2477 1309 2480 ,

143 2502 187 2557 nis
198 2504 344 2559 intuenda:
357 2503 442 2559 ausit
453 2505 581 2576 erudelis,
593 2511 625 2560 ut
630 2456 750 2561 Labieni
761 2506 793 2560 in
801 2505 948 2561 Rabirium
959 2506 1023 2578 lege
1035 2504 1243 2576 perduellionis,
1308 2515 1309 2522 ’

150 2603 188 2642 -,
200 2572 330 2654 superba,
335 2578 373 2654 'ut
383 2590 413 2627 in
425 2572 547 2645 Oppium
559 2591 593 2630 ex
606 2574 723 2646 epistola
736 2573 833 2644 Cottae
845 2592 923 2630 reum
934 2574 1106 2642 faetumtl3).
1130 2575 1243 2644 proinde
1308 2641 1309 2644 Ἴ

88 2687 91 2693 .
144 2645 321 2720 praecipites,
333 2643 491 2723 insidiosae,
503 2644 668 2715 impotentes
677 2645 819 2712 (artiones)
830 2643 1087 2722 deprehenduntiir3
1101 2658 1133 2696 ex
1145 2642 1242 2724 quibus
1308 2675 1309 2678 =

144 2707 1242 2841 ttttsitini{tnetiiittttttttttttffltttttttttt’ttttt
1308 2755 1309 2810 ³

145 2792 399 2967 iligcilllluiiqletionis
414 2861 502 2916 genus
517 2797 549 2899 iii
569 2798 871 2916 equestrem'ordiiiem
885 2797 1043 2900 iimittant.
1081 2795 1188 2912 aiiii.
1205 2821 1240 2916 V:
1308 2835 1309 2900 ἶ

182 2952 189 2983 '
212 2982 243 3047 9.
265 2952 404 3043 infinitum
416 2993 459 3043 est
475 3006 635 3045 enumerare
646 2994 678 3044 ut
690 2989 808 3058 (Cicero)
822 2988 918 3044 Comae
932 2990 1083 3045 detraxerit
1098 2992 1238 3047 auetorita-
1308 2977 1309 3034 Ϊ

146 3071 217 3136 tem,
232 3071 264 3120 ut
278 3083 329 3136 pro
341 3065 455 3148 Ligario
468 3083 497 3121 se
513 3067 681 3138 opposuerit,
695 3065 853 3122 Cornelium
868 3067 931 3138 ipsa
947 3065 1127 3122 confessionis
1143 3067 1239 3124 fiducia

148 3133 289 3206 eripuerit.
326 3135 437 3198 Quint.
449 3135 500 3205 VI,
511 3135 538 3205 4,
551 3138 593 3192 10.
1308 3145 1309 3174 ³

213 3205 265 3269 10.
287 3216 444 3280 praestatur
459 3211 512 3267 hoe
527 3211 676 3283 aliquando
693 3213 777 3268 etiam
794 3212 990 3284 dignitatibus,
1006 3219 1038 3268 ut
1049 3213 1182 3270 libertatis
1192 3231 1237 3270 no·
1308 3219 1309 3264 3

147 3292 221 3343 strae
236 3287 308 3342 ratio
324 3287 469 3358 reddatur,
492 3305 528 3342 ne
545 3290 606 3359 quis
622 3306 671 3344 nos
688 3296 737 3344 aut
751 3289 909 3361 petulantes
929 3289 961 3344 in
976 3290 1120 3346 laedendis
1137 3290 1174 3346 eis
1192 3297 1238 3346 aut
1308 3305 1309 3346 ξ

148 3355 234 3411 etiam
248 3355 407 3412 ambitiosos
423 3361 516 3428 putet,
533 3357 629 3428 itaque
642 3357 738 3413 (lireio
765 3375 932 3430 quamquam
944 3363 1004 3414 erat
1019 3359 1050 3412 in
1062 3358 1168 3414 Cottam
1179 3376 1236 3431 gra-

147 3423 266 3505 vissime·
275 3423 412 3493 mutuus,
427 3441 518 3506 neque
535 3425 676 3508 aliteragi
687 3426 721 3481 P.
736 3399 822 3508 ‚bppfl
834 3439 917 3482 causa
928 3432 1046 3510 poterat,
1058 3428 1142 3552 longa
1151 3433 1237 3485 tamen
1308 3451 1309 3480 3

147 3491 321 3564 praefatione
334 3499 475 3548 excusarit
486 3493 572 3550 officii
583 3512 627 3549 sm
638 3501 841 3550 necessitatem.
877 3496 988 3561 Quint.
1000 3495 1054 3564 XI,
1067 3497 1092 3567 1,
1123 3497 1146 3551 7.
1308 3561 1309 3568 ¹

214 3563 266 3629 11.
288 3575 487 3642 prosataseeua
502 3575 558 3641 est,
579 3587 635 3642 qua
650 3571 772 3628 iudicem
786 3572 866 3628 nobis
882 3589 1094 3643 praeparamus,
1115 3590 1174 3632 euin
1192 3579 1236 3628 aut

148 3647 287 3718 quaedam
300 3647 381 3702 nobis
397 3649 560 3773 obsuntbet‘
570 3648 627 3703 illis
643 3651 720 3720 prius
736 3651 935 3706 occurrendum
950 3654 1006 3718 est,
1021 3653 1054 3703 ut
1068 3648 1137 3704 feeit
1148 3647 1235 3706 Cicero
1308 3651 1309 3662 ³

148 3732 200 3839 prio
206 3715 309 3840 gpquo
329 3720 425 3772 eontra
439 3716 478 3772 M.

216 3857 267 3922 12.
288 3860 506 3918 misericordiam
516 3881 669 3937 movemus,
682 3865 707 3920 si
718 3866 754 3921 ab
766 3865 801 3920 iis
812 3883 862 3922 nos
872 3863 1024 3938 inpugnari
1036 3863 1163 3934 dicimus,
1175 3880 1234 3935 quo·

148 3955 210 4074 gnei&
221 3936 459 4064 {ffffliiniem
472 3941 643 4015 deberemus,
654 3949 687 3999 ut
698 3941 796 4002 Cicero
807 3959 858 4016 pro
870 3941 969 4014 Oppio.
1006 3941 1029 3996 I.
1043 3940 1234 3998 Severianus
1308 3957 1309 4022 j

215 4078 267 4146 13.
290 4083 327 4140 oi.
340 4085 365 4140 7.

520 3721 594 3772 ottae
611 3719 812 3774 auctoritatem.
847 3717 1114 3774 Fortunatianus
1131 3718 1189 3790 110,
1204 3719 1235 3774 22
1308 3741 1309 3800 ᾗ
