2714 4554
503 258 541 311 rr.
561 258 696 314 roman
715 237 914 314 ardeamus

338 470 382 532 H.
415 464 889 578 ¹crcuuoursmcaru
913 463 1072 531 mom
1130 455 1134 459 ’

573 644 601 686 a·
644 643 839 686 rescratum.

224 727 253 791 1.
276 731 311 786 In
325 729 426 785 litteris
443 729 517 799 (tris)
534 729 626 784 omnia
641 728 710 783 mihi
727 727 899 799 periucunda
913 727 1026 786 fuerunt
1044 733 1155 801 praeter
1174 726 1261 792 illud,

157 807 1058 946 tritaet,tltttltttetttttttttttttttt
1085 809 1262 941 rttltl’dz

160 946 245 1004 etiam
257 945 393 1013 Sestiana,
405 944 435 998 in
446 961 490 998 me
503 943 629 1018 conferri.
665 943 752 1012 quid‘l
763 947 794 997 tu
805 943 836 996 id
847 943 969 1024 pateris?
986 961 1041 998 non
1051 960 1097 998 me
1109 941 1263 998 defendis?
1344 1013 1345 1022 ἵ

159 1033 214 1070 nou
225 1012 350 1069 resistis?
367 1012 496 1083 equidem
512 1012 659 1083 sperabam
673 1013 715 1067 ita
730 1015 826 1066 notata
838 1028 882 1066 me
893 1011 1038 1082 rehquisse
1054 1029 1157 1084 genera
1169 1011 1261 1066 dioto·

159 1099 367 1150 rummeorum,
384 1086 460 1136 uteo
500 1081 557 1136 osci
570 1097 621 1135 sua
632 1084 731 1152 sponte
742 1084 862 1151 possent.
899 1079 1092 1149 sedquoniam
1102 1078 1264 1134 mnwfaex

145 1166 147 1169 ·
161 1151 248 1206 estin
262 1149 344 1220 urbe,
361 1153 393 1204 ut
407 1149 466 1204 nihi
493 1149 530 1203 sit
540 1155 599 1204 tam
611 1149 762 1220 ἀκύθηρον,
779 1148 855 1217 quod
871 1165 926 1203 non
943 1149 1027 1202 alicui
1038 1153 1182 1204 venustum
1193 1165 1262 1202 esse

159 1221 299 1287 videatur,
311 1235 419 1290 pugna,
435 1217 461 1271 si
476 1234 520 1272 me
537 1233 627 1286 amas,
643 1217 698 1272 nisi
709 1221 792 1271 acuta
804 1216 969 1288 ἀμφιβολία,
981 1217 1035 1271 nisi
1046 1218 1160 1289 elegans
1171 1215 1263 1285 ὑπερ-

160 1287 237 1359 βολή,
249 1287 304 1341 nisi
317 1289 503 1360 παράγραμμα
515 1285 628 1355 bellum,
640 1285 693 1340 nisi
704 1285 851 1340 ridiculum
865 1285 940 1356 παρὰ
953 1285 1133 1356 προσδοκίαν,
1145 1285 1200 1340 nisi
1211 1301 1262 1340 oe·

160 1363 230 1425 tera,
244 1371 315 1427 quae
329 1359 392 1409 sunt
404 1361 421 1409 a
431 1371 476 1409 me
493 1354 523 1408 in
535 1355 655 1409 seeundo
671 1353 743 1408 libro
755 1355 791 1408 de
803 1358 910 1410 oratore
923 1353 1064 1426 disputata
1077 1354 1111 1410 de
1122 1353 1262 1422 ridiculis,

159 1428 271 1490 ’ἔντεχνα
284 1428 314 1478 et
325 1441 356 1478 ar
395 1428 425 1477 ta
441 1423 624 1504 adparebunt,
640 1426 672 1478 ut
688 1427 859 1478 sacramente
872 1423 1022 1478 contendes
1038 1441 1101 1480 mea
1115 1440 1169 1478 non
1187 1439 1262 1476 esse.

162 1491 280 1548 Cicero
293 1493 340 1558 (ad
379 1492 539 1560 olummum)
552 1492 589 1545 ad
600 1491 666 1546 fam.
679 1491 745 1557 VII,
758 1491 800 1560 32,
813 1493 829 1545 1
842 1505 883 1560 sq.

225 1573 256 1637 2.
279 1577 351 1632 liber
370 1577 431 1646 iste,
452 1592 536 1645 quem
555 1576 624 1630 mihi
644 1575 756 1643 misisti,
781 1581 915 1644 quantem
935 1577 1023 1632 habet
1043 1577 1265 1632 declarationem

161 1656 262 1710 amoris
274 1655 327 1708 tui!
340 1655 467 1725 primum,
480 1653 554 1724 quod
565 1652 617 1707 tibi
630 1651 751 1711 facetum
763 1653 880 1722 videtur,
894 1654 1028 1724 quicquid
1040 1672 1092 1737 ego
1105 1653 1169 1723 dixi,
1183 1655 1266 1776 Ἃιιοᾱ

161 1725 211 1778 alii
222 1723 339 1777 fortasse
351 1737 405 1776 non
416 1721 496 1789 item,
515 1721 624 1790 deinde,
642 1721 715 1792 quod
725 1721 783 1788 illa,
800 1720 858 1776 sive
870 1722 963 1776 faceta
976 1728 1040 1778 sunt
1051 1729 1108 1777 erre
1121 1723 1170 1792 sic,

161 1797 292 1846 narrante
301 1796 332 1844 te
343 1789 548 1858 venustissima3
563 1789 633 1913 guin
650 1789 734 1844 etiam
745 1793 822 1910 antip,
836 1805 921 1858 quam
933 1789 970 1844 ad
982 1809 1026 1846 me
1037 1791 1171 1858 veniatur,
1187 1790 1266 1845 risus

161 1857 538 1930 omuirpaeneconsumitur.
591 1855 782 1926 ieeroladO.
824 1857 1265 1930 reboniumladfam.XV,21,‘l.
1344 1843 1345 1920 l

226 1940 257 2003 3.
279 1943 340 2014 ipse
351 1943 455 1997 Caesar
469 1942 556 1997 habet
570 1959 685 2013 peracre
701 1941 846 2011 iudicium,
863 1947 893 1996 et
903 1947 935 1996 ut
947 1942 1071 2014 Servius,
1089 1945 1176 2000 frater
1186 1950 1266 2014 tuus,
1344 1936 1345 2008 ἶ

162 2037 247 2092 quem
265 2018 494 2076 litteratissimum
510 2017 596 2074 fuisse
616 2019 722 2088 iudico,
742 2018 825 2072 facile
845 2019 951 2074 diceret
970 2021 1030 2074 ‘hio
1050 2039 1145 2076 versus
1166 2022 1268 2077 Plauti
1344 2043 1345 2052 ¹

1208 1727 1345 1787 unt,

162 2107 217 2145 non
230 2093 280 2158 est,
293 2087 339 2142 hic
351 2087 410 2156 est,'
423 2088 498 2156 quod
508 2087 589 2142 tritas
601 2089 674 2144 auris
686 2087 802 2142 haberet
813 2088 942 2142 remudis
953 2089 1102 2160 generibus
1115 2092 1267 2160 positarum
1344 2097 1345 2154 ξ

163 2164 191 2212 et
207 2155 404 2212 consuetudine
420 2155 545 2228 legendi,
563 2155 602 2210 sic
618 2155 700 2210 audio
717 2153 877 2226 Caesarem,
894 2173 957 2211 cum
973 2157 1184 2214 voluminatam
1196 2176 1266 2216 con-
1344 2181 1345 2194 ι

162 2225 262 2280 feeerit
274 2223 514 2297 ἀποφθεγμάτων,
532 2223 555 2278 si
568 2225 642 2293 quod
654 2223 795 2278 adferatur
807 2223 844 2278 ad
857 2239 919 2278 eum
935 2241 986 2295 pro
997 2242 1067 2292 meo,
1081 2227 1156 2294 quod
1166 2244 1266 2282 meum
1344 2215 1345 2254 l

162 2291 281 2363 nonsit,
298 2293 402 2365 reicere
415 2293 515 2362 solere3
533 2293 607 2362 quod
618 2309 653 2347 eo
668 2309 741 2347 nune
756 2293 846 2364 magis
858 2291 940 2362 facit,
962 2293 1028 2364 quia
1038 2293 1135 2348 vivunt
1151 2311 1266 2352 mecum

163 2363 222 2417 fere
235 2361 337 2416 cotidie
353 2360 427 2416 illius
444 2360 603 2418 familiares.
638 2361 765 2416 incidunt
781 2366 873 2416 autem
889 2361 919 2415 in
936 2375 1060 2418 sermone
1076 2363 1153 2418 vario
1164 2366 1265 2434 multa,

161 2446 234 2500 quae
251 2429 368 2487 fortasse
379 2429 435 2484 illis
453 2447 515 2486 eum
532 2430 589 2484 dixi
604 2447 655 2484 nec
672 2429 825 2486 inlitterata
839 2445 892 2485 nec
906 2429 1013 2484 insulsa
1029 2446 1090 2486 esso
1101 2431 1265 2488 videantur:

163 2503 234 2554 haec
246 2500 283 2554 ad
298 2499 376 2553 illum
393 2516 456 2554 oum
470 2499 585 2568 reliquis
602 2499 671 2552 actis
687 2497 875 2572 perferuntur,
891 2497 932 2552 ita
948 2498 1022 2554 enim
1037 2499 1098 2570 ipse
1110 2501 1265 2556 mandavit.

164 2569 204 2623 sio
216 2567 248 2622 fit
259 2572 298 2636 ut,
312 2567 412 2637 siquid
443 2573 568 2622 raeterea
577 2568 611 2622 de
620 2584 664 2622 me
674 2567 779 2638 audiat,
788 2585 843 2622 non
853 2566 1021 2622 audiendum
1029 2572 1116 2638 putet.
1142 2567 1266 2624 Cicero
1344 2559 1345 2633 l

163 2637 211 2702 (ad
222 2635 350 2704 Paetum)
363 2637 399 2690 ad
423 2653 475 2690 am.
488 2635 541 2705 IX,
554 2637 596 2705 16,
609 2635 634 2691 4.

226 2715 258 2776 4.
281 2720 471 2775 animadverto
493 2722 573 2790 duos,
598 2736 666 2792 quos
688 2721 925 2790 eloquentissimos
949 2721 1066 2790 antiqua
1088 2728 1166 2777 aetas
1188 2723 1266 2801 tulit,
1344 2725 1345 2756 ἓ

165 2795 298 2850 comicum
314 2794 444 2848 Plautum
461 2799 489 2850 et
505 2803 641 2852 oratorem
657 2798 793 2868 Tullium,
811 2813 858 2852 eos
874 2797 971 2852 ambos
989 2799 1072 2853 etiam
1089 2801 1126 2854 ad
1141 2801 1265 2856 iocorum

163 2866 335 2917 venustatem
351 2862 450 2916 ceteris
467 2865 646 2933 praestitisse.
682 2865 799 2921 Plaunn
816 2865 929 2934 quidem
945 2882 978 2920 ea
993 2883 1023 2920 re
1041 2869 1132 2922 clarus
1148 2867 1214 2939 fuit,
1232 2875 1266 2924 ut
1344 2853 1345 2934 l

162 2934 354 3002 postmortem
366 2929 424 2984 eius
436 2931 603 3000 comoediae,
613 2947 686 3004 quae
696 2931 819 2987 incertae
829 2933 999 3004 ferebantu,
1008 2935 1156 2995 Plautinae
1168 2942 1265 2994 tamen
1344 2955 1345 2988 1

163 3015 225 3054 esse
246 2997 282 3053 de
301 2999 423 3052 iocorum
444 2999 524 3069 copia
543 3005 729 3056 noscerentur.
765 2998 861 3056 Cicero
878 3007 971 3056 autem
987 3009 1121 3072 quautam
1135 3006 1166 3060 iu
1183 3023 1218 3061 ea
1232 3024 1266 3061 re
1344 3013 1345 3076 ᾗ

162 3066 281 3122 valuerit
296 3066 358 3136 quis
374 3066 483 3138 ignorat
495 3065 543 3135 qui
558 3069 602 3126 vel
618 3069 710 3124 liberti
723 3069 781 3123 eius
793 3069 891 3136 libros,
909 3087 976 3141 quos
988 3073 1012 3126 is
1025 3073 1060 3128 de
1071 3073 1139 3129 iocis
1172 3075 1264 3130 attoni

163 3134 329 3218 composuit,
345 3150 415 3204 quos
432 3134 545 3203 quidam
560 3136 647 3208 ipsius
659 3141 760 3210 putant
772 3153 845 3207 esse,
863 3139 957 3211 legere
970 3141 1095 3198 curavit?
1166 3159 1263 3200 aero-

163 3205 240 3258 brus
253 3202 362 3258 snum.
375 3203 413 3272 H,
426 3203 452 3272 1,
465 3203 499 3260 10
510 3217 571 3276 sqq.

227 3279 257 3345 5.
280 3287 387 3345 utinam
397 3287 513 3342 libertus
526 3289 584 3344 eius
594 3289 753 3360 (Ciceronis)
763 3292 830 3349 Tiro
843 3298 891 3348 aut
904 3293 983 3366 alius,
996 3296 1122 3366 quisquis
1135 3296 1197 3368 fuit,
1213 3299 1264 3368 qui
1283 3353 1286 3362 ,

162 3364 212 3416 tris
229 3364 264 3417 de
280 3363 334 3418 hae
348 3381 379 3420 re
394 3364 479 3420 libros
497 3365 597 3435 edidit,
618 3366 728 3438 parcius
746 3369 881 3426 dictorum
901 3388 1014 3427 numero
1035 3371 1217 3430 indulsissent
1234 3381 1263 3429 et

161 3433 224 3502 plus
235 3431 332 3486 iudicii
347 3433 376 3486 in
393 3432 528 3504 eligendis
545 3449 630 3504 quam
644 3436 674 3491 in
686 3439 868 3508 congerendis
885 3439 969 3494 studii
986 3440 1192 3498 adhibuissent:
1209 3444 1260 3500 mi-

160 3515 213 3558 nus
225 3499 349 3554 obiectus
361 3500 592 3558 calumniantibus
604 3503 684 3559 foret.
721 3504 952 3570 Quintilianus
963 3507 1031 3563 Inst.
1045 3527 1083 3564 or.
1097 3511 1147 3582 VI,
1160 3512 1186 3582 3,
1199 3513 1225 3568 5.

620 3659 652 3724 b.
695 3683 800 3729 nrum.

227 3757 256 3821 1.
281 3759 377 3818 Cicero
395 3766 431 3819 ab
447 3765 579 3822 Androne
595 3767 716 3840 quodam
731 3771 891 3827 Laodicena
908 3773 1042 3830 §muman
1063 3791 1125 3830 cum
1146 3791 1259 3830 tamam

162 3839 296 3922 adrentus
311 3855 342 3894 re
362 3841 473 3897 uicisset
488 3845 731 3926 comperissetque,
748 3865 814 3903 nam
828 3847 876 3904 ille
889 3865 919 3905 se
934 3849 961 3905 le
983 3855 1059 3908 atum
1076 3851 1111 3907 de
1126 3851 1257 3907 libertate

161 3913 269 3980 petuas
285 3908 322 3962 ad
334 3854 481 3966 (lassatam
496 3928 604 3968 venisse
619 3916 776 3986 respondit,
791 3917 832 3972 ita
844 3869 983 3988 expressil
989 3919 1130 3990 publicam
1143 3920 1258 3976 sarritu-

161 3975 316 4115 {efflmgll
333 3976 499 4118 ξπῖἒύχῃς,
522 3985 577 4050 καὶ
600 3987 675 4072 περὶ
695 3983 786 4074 ἡμῶν
805 3992 1017 4074 πρέσβευσον.
1063 3996 1259 4052 Macrobius

267 4103 272 4114 .
317 4095 362 4132 ,.,
412 4107 417 4118 .
