2674 4558
159 237 201 304 48
524 252 561 306 M.
581 249 717 308 TULLII
735 250 936 309 CICERONIS

485 406 566 463 XIV.
600 405 657 460 AD
676 405 926 461 CAERELLIAM

225 496 256 560 1.
279 503 365 558 etiam
374 501 446 556 illud
456 503 559 576 (potest
569 501 642 556 inter
652 499 771 564 ridicula
782 500 941 569 numerari),
954 499 1028 570 quod
1040 495 1136 553 Cicero
1148 494 1283 554 Caerel-

157 579 212 633 liae
226 579 336 648 scripsit
347 578 466 634 reddens
474 577 619 647 rationem,
629 594 677 632 cur
686 577 735 631 illa
741 575 771 632 C.
778 575 905 632 Caesaris
914 581 1041 646 tempora
1051 581 1109 630 tam
1120 575 1284 646 patienter
1323 585 1324 588 ’

160 658 305 714 toleraret:
333 650 413 715 haec
431 660 488 714 aut
505 649 612 714 animo
630 647 763 712 Catonis
781 649 915 713 ferenda
932 657 1005 712 sunt
1024 659 1079 712 aut
1094 645 1280 711 Ciceronis
1323 661 1324 704 3

161 739 340 814 stomach03
367 741 523 796 stomachus
540 740 614 795 enim
628 739 676 794 ille
693 739 780 794 habet
795 739 903 808 aliquid
917 738 979 793 ioco
991 737 1088 792 simile.
1125 736 1278 801 Quinti·
1323 755 1324 810 ᾗ

160 819 445 888 lianusVI,3,112.
1323 865 1324 886 ἶ

150 888 157 910 ’
225 891 256 956 2.
279 895 453 950 meminerint
465 892 566 949 eruditi
580 893 610 946 in
626 893 783 963 praeceptis
799 891 925 947 omnibus
938 890 1099 958 (Ciceronis)
1111 895 1211 943 extare
1226 905 1276 942 se·

160 975 314 1042 veritatem,
330 972 360 1025 in
373 970 496 1042 epistolis
512 969 549 1023 ad
562 967 725 1024 Caerelliam
738 969 850 1024 subesse
862 969 1054 1039 petulantiam.
1090 965 1275 1020 Ausonius

161 1043 191 1096 in
203 1040 332 1098 Centenis
344 1039 476 1111 nuptialis
490 1038 608 1110 epilogo.

513 1191 578 1247 XV.
613 1190 669 1244 AD
687 1188 911 1247 HOSTILIUM.

223 1297 334 1368 requies
343 1295 501 1351 accusativo
510 1311 565 1348 non
574 1292 643 1348 facit
653 1293 815 1364 requietem,
827 1293 877 1346 sed
887 1292 1020 1363 requiem,
1032 1289 1158 1361 quamvis
1164 1286 1271 1344 Cicero

162 1369 338 1453 requietem
357 1373 457 1426 dixerit
472 1371 509 1424 ad
520 1369 677 1424 Hostilium.
715 1368 891 1424 Charisius
906 1386 935 1439 p.
948 1369 983 1423 85
995 1372 1024 1422 et
1039 1368 1098 1421 114.
1111 1366 1145 1420 P.
1158 1385 1188 1438 p.
1202 1367 1269 1434 110,
1323 1368 1324 1428 I

163 1453 221 1507 let
232 1452 291 1521 142,
305 1453 329 1505 7.
342 1449 379 1503 K.
404 1447 440 1503 cf.
454 1447 511 1502 Cic.
524 1448 560 1502 de
572 1451 674 1502 seneot.
688 1447 711 1518 ξ.
725 1447 766 1501 52.
780 1448 815 1501 de
827 1445 893 1500 firm.
906 1448 942 1516 V,
955 1449 996 1502 54.
1323 1455 1324 1498 ι

412 1600 494 1656 rvr.
529 1599 584 1654 nx
599 1597 800 1654 urrsrours
817 1595 1006 1656 moraris.

227 1693 258 1756 1.
280 1713 333 1752 neo
345 1713 398 1768 ego
409 1695 481 1752 illud
492 1694 605 1764 quidem
616 1693 793 1765 aposiopesin
804 1707 914 1763 semper
923 1708 1001 1762 voco,
1012 1692 1042 1747 in
1054 1707 1108 1761 quo
1119 1707 1165 1746 res
1178 1707 1265 1762 quae·
1323 1691 1324 1726 ἓ

161 1799 270 1853 cunque
289 1781 454 1852 relinquitur
475 1779 677 1851 intellegenda,
701 1783 735 1834 ut
753 1794 842 1849 aeque
861 1778 892 1832 in
913 1777 1037 1849 epistolis
1057 1775 1154 1832 Cicero
1187 1771 1265 1834 data
1323 1729 1324 1816 l

161 1861 407 1998 Lupercalibus,
425 1880 488 1942 quo
507 1859 558 1924 die
577 1857 739 1923 Antonius
758 1855 905 1934 Caesari3
926 1880 981 1919 non
993 1863 1067 1918 enim
1078 1860 1197 1917 obticuit
1213 1866 1264 1915 aut

161 1945 214 2000 lusi
232 1945 319 2015 ,quia
334 1943 405 1996 nihil
419 1943 466 1996 hic
481 1942 559 1996 aliud
573 1940 701 2012 intellegi
716 1945 827 2012 poterat
838 1957 921 2011 quam
936 1941 1001 1996 hoc:
1019 1938 1162 1994 ‘diadema
1172 1938 1262 2010 impo-

160 2014 234 2069 suit’
269 2011 503 2078 Quintilianus
514 2011 567 2078 IX,
580 2012 606 2079 3,
619 2011 660 2064 61.

225 2084 257 2148 2.
278 2089 308 2144 in
320 2088 443 2158 epistolis
456 2085 552 2141 Cicero
567 2087 639 2142 haec
649 2086 731 2140 Bruti
745 2085 832 2142 refert
846 2087 944 2140 verba:
968 2102 1009 2144 ne
1034 2077 1081 2142 illi
1103 2087 1179 2143 sunt
1204 2099 1262 2162 pe-

160 2171 218 2235 des
235 2167 332 2234 faceti
349 2189 387 2232 ac
405 2166 525 2232 deliciis
543 2166 735 2252 ingredienti
752 2166 888 2231 mollius.
919 2170 1011 2224 Idem
1023 2169 1073 2240 VI,
1086 2169 1112 2238 3,
1124 2169 1167 2224 20.
1323 2196 1324 2288 ,

225 2254 255 2319 3.
301 2253 438 2318 lissimus
458 2258 598 2328 vituperat
617 2255 714 2312 Cicero
734 2257 764 2312 in
784 2256 950 2328 Philippicis
963 2254 1060 2324 (XIII,
1075 2254 1143 2325 43.);
1166 2257 1259 2309 tamen
1323 2291 1324 2337 ,

161 2335 253 2410 Caper
269 2337 276 2351 ’
301 2353 316 2392 e
331 2336 466 2408 magister
484 2334 608 2406 Augusti
625 2331 753 2389 Caesaris
768 2333 907 2388 laborarit
922 2331 1162 2386 vehementissime
1179 2332 1258 2386 etde

161 2414 285 2486 epistolis
301 2412 442 2470 Ciceronis
458 2413 572 2484 collegit
587 2411 657 2466 haec
671 2411 771 2482 verba,
787 2410 837 2465 ubi
850 2410 957 2465 dixerat
972 2408 1033 2479 ipse
1046 2406 1142 2464 Cicero
1156 2402 1258 2488 piissi-

161 2517 243 2559 mus.
286 2499 467 2570 Pompeius
478 2516 507 2570 p.
521 2498 580 2553 132.
592 2497 720 2552 Lindem.

225 2579 256 2643 4.
280 2583 389 2644 καίτοι
410 2577 495 2656 τινὲς
516 2583 582 2642 τῶν
600 2579 898 2663 προσποιουμένων
917 2573 1165 2660 δημοσθενίζειν
1184 2571 1255 2638 ἕσι-

40 2747 43 2754 ·
160 2665 302 2750 φύονται
329 2669 423 2750 φωνῇ
445 2668 503 2728 τοῦ
525 2667 721 2748 Κικέρωνος,
749 2661 788 2770 ᾖν
816 2661 902 2746 πρός
927 2685 1001 2726 τινα
1017 2665 1093 2726 ’τῶν
1121 2655 1254 2744 ἑταίρων

161 2748 279 2833 ἔθηκεν
311 2746 344 2814 ἒν
377 2747 535 2832 ἐπιστολῇ
566 2749 714 2834 γράψας,
749 2751 877 2828 strapas
909 2751 975 2811 τῶν
1001 2745 1107 2830 λόγων
1134 2739 1255 2810 ἄπονο-

100 2859 106 2878 ι
162 2832 291 2912 στάζειν
319 2829 376 2898 τὸν
403 2837 612 2916 apportatur).
665 2834 1145 2894 Plutarchusinvitacis.c.24.
1174 2835 1254 2890 etla-

160 2917 264 2970 buntur
279 2914 428 2984 aliquando
444 2913 551 2984 (optimi
567 2919 704 2984 auctores)
720 2919 749 2969 et
765 2915 842 2970 oneri
857 2915 959 2969 cedunt
975 2916 1004 2967 et
1019 2911 1167 2983 indulgent
1180 2911 1254 2984 inge-

161 2984 270 3039 nicrum
281 2999 392 3038 suorum
407 2981 543 3051 voluptati
559 2998 610 3037 nee
623 2999 732 3053 semper
742 2983 890 3038 intendunt
901 2982 1031 3052 animum,
1042 2997 1098 3034 non
1109 2997 1254 3060 numquam

161 3053 329 3124 fatigantur,
343 3067 405 3105 cum
417 3048 543 3104 Ciceroni
553 3051 700 3105 dormitare
712 3051 823 3106 interim
834 3049 1045 3118 Demosthenes,
1062 3048 1179 3102 Horatio
1191 3064 1253 3102 vero

161 3122 247 3177 etiam
258 3121 395 3176 Homerus
405 3119 466 3189 ipse
477 3119 611 3173 videatur.
648 3120 879 3184 Quintilianus
890 3119 928 3188 X,
941 3119 966 3188 1,
978 3118 1021 3173 24.

144 3208 146 3212 “
226 3191 258 3258 5.
281 3195 378 3252 Cicero
393 3212 449 3250 non
461 3198 604 3250 contentus
619 3194 649 3248 in
665 3197 832 3266 quibusdam
843 3195 968 3266 epistulis
980 3193 1129 3265 scripsisse,
1146 3193 1252 3248 asatel·

360 3263 368 3274 ο

159 3274 257 3330 litibus
273 3289 336 3328 eum
351 3271 519 3341 (Caesarem)
534 3272 564 3326 in
584 3271 740 3326 cubiordum
759 3273 868 3343 regium
884 3273 1014 3328 eductum
1033 3271 1063 3324 in
1082 3270 1166 3324 aureo
1184 3270 1251 3325 lecto

160 3346 239 3397 veste
255 3357 395 3413 purpurea
411 3339 575 3394 decubuisse
591 3340 743 3411 floremque
758 3341 859 3395 aetatis
872 3357 889 3395 a
900 3341 1009 3397 Venere
1022 3338 1075 3394 orti
1086 3339 1116 3393 in
1126 3337 1252 3409 Bithynia

161 3409 376 3464 contaminatum
403 3409 543 3479 quondam
559 3409 643 3463 etiam
658 3410 688 3463 in
704 3413 802 3464 senatu
814 3407 976 3464 defendenti
992 3408 1019 3462 ei
1030 3407 1058 3463 N
1078 3423 1126 3462 sae
1138 3422 1250 3476 causam,

160 3477 236 3559 tiliae
248 3450 416 3558 Nicomedis,
432 3475 623 3548 beneficiaque
638 3477 713 3548 regis
727 3478 757 3532 in
773 3493 803 3532 se
816 3475 1039 3556 commemoranti
1067 3473 1198 3530 Remove'
1212 3475 1250 3528 in-

180 3549 223 3600 u1t
238 3548 338 3600 ‘rstaee
362 3562 410 3600 oro
426 3550 454 3600 te
480 3547 591 3616 quando
606 3550 702 3600 notum
714 3550 756 3600 est
772 3546 884 3617 etquid
900 3545 947 3599 ille
958 3543 1012 3598 tibr
1024 3548 1052 3598 et
1068 3544 1136 3614 quid
1146 3542 1186 3598 illi
1196 3546 1251 3597 tute

160 3561 289 3670 dederis!
326 3585 505 3668 iluetonius
516 3614 581 3669 Div.
594 3613 646 3668 Iul.
660 3630 684 3669 e.
696 3614 740 3669 49.
1321 3609 1322 3616 ’

227 3685 258 3750 6.
278 3688 313 3746 Ρ.
325 3689 488 3747 Ventidium
500 3689 596 3746 Cicero
608 3694 714 3762 (auctor
725 3692 778 3760 est)
789 3690 939 3746 mulionem
955 3689 1102 3746 castrensis
1119 3687 1249 3744 furnariae

160 3768 256 3824 unse.
290 3765 425 3822 Plinius
438 3767 473 3825 N.
487 3768 524 3822 H.
537 3767 675 3839 Vitrea

226 3839 257 3906 7.
279 3861 378 3917 parum
388 3843 468 3901 fortis
480 3844 597 3915 (Cicero)
608 3846 718 3900 videtur
729 3844 908 3916 quibusdam,
920 3841 1020 3913 quibus
1032 3843 1135 3912 optime
1146 3857 1247 3913 respon·

162 3922 229 3976 diti
250 3939 293 3992 se,
310 3939 365 3978 non
381 3937 411 3976 se
426 3921 553 3976 timidum
568 3922 598 3976 in
611 3921 801 3992 suscipiendis,
818 3921 868 3976 sed
883 3920 912 3974 in
922 3918 1102 4002 providendis
1113 3917 1247 3989 periculis3

160 3985 1246 4122 antetulit&luttlltl⁸tullttel⁵tltlt⁰lludllll

467 4100 474 4131 ι
506 4100 513 4131 ι
561 4101 567 4114 ·
623 4100 628 4114 ·
693 4099 699 4114 ·
840 4097 847 4114 ·
903 4095 910 4126 ι
958 4095 965 4126 ν
997 4096 1003 4110 ·
