2674 4558
136 211 179 279 24
479 225 517 278 Μ.
537 223 673 281 TULLII
691 222 891 282 CICERONIS

136 375 201 418 non
227 349 383 416 dixerint?
410 369 492 434 quac
519 345 578 414 tibi
604 347 709 413 dicere
736 368 800 413 non
826 346 936 413 licebit
952 383 997 396 —
1013 364 1037 409 et
1058 357 1152 424 paulo
1173 365 1263 425 post:
1323 421 1324 430 ἵ

137 437 274 521 denique
296 436 342 500 illi
359 457 478 520 negare
499 444 673 518 potuerunt
696 444 727 499 et
748 444 962 518 negaverunt:
985 445 1021 498 tu
1043 435 1104 499 tibi
1130 457 1178 500 ne
1204 438 1265 500 in-
1323 465 1324 510 3

136 521 259 588 fitiandi
277 521 407 604 quidem
424 521 443 556 ⁴*
457 517 674 604 impudentiae
690 518 798 584 locum
814 519 980 603 reliquisti.
1024 541 1131 605 quare
1151 541 1262 606 prae·
1323 565 1324 568 =

137 610 222 672 clara
247 607 393 672 dicentur
417 604 539 676 iudicia
562 603 687 681 tulisse,
713 604 755 679 si,
782 604 838 688 qui
863 604 1052 670 infitiantem
1076 605 1260 672 Luscium

137 693 398 768 condemnarunt,
417 687 590 755 Catilinam
608 689 802 755 absolverint
820 689 1033 758 confitentem.

238 794 290 860 lic,
307 807 382 862 quem
396 791 527 858 nominet,
540 791 572 843 L.
585 791 709 856 Luscius,
728 799 803 844 notus
820 793 935 845 centurio
947 794 1075 846 Sullanus
1092 793 1230 864 divesque
1242 812 1261 848 e
1324 831 1325 834 =

187 862 297 914 victoria
316 860 405 927 sactus
421 859 494 930 (nam
512 860 624 927 amplius
640 861 734 912 centies
753 861 928 930 possederat),
952 862 1090 914 damnatus
1109 870 1178 914 erat
1196 880 1259 916 non

187 932 268 983 multo
281 937 341 982 ante
352 944 432 997 quam
439 928 529 982 Cicero
539 928 618 994 dirim
630 928 742 980 obiemce
753 938 812 980 sunt
822 929 847 980 ei
854 938 906 982 tres
915 931 1006 982 caedes
1013 930 1256 998 proscriptorum.

187 999 261 1051 circa
276 997 377 1050 eosdem
392 997 446 1050 dies
461 996 494 1048 L.
511 1013 611 1066 quoque
627 996 760 1050 Bellienus
776 998 915 1050 damnatus
933 1007 984 1062 est,
1001 1015 1076 1067 quem
1091 999 1195 1052 Cicero
1214 998 1269 1061 ait,

188 1067 344 1119 avunculum
360 1081 416 1118 esse
432 1064 560 1118 Catilinae
564 1083 575 1130 ;
594 1065 634 1116 tic
651 1073 737 1117 autem
753 1066 904 1118 Lucretium
921 1065 1047 1133 Ofellam,
1069 1068 1256 1121 consulatum

188 1143 281 1187 contra
293 1135 448 1186 voluntatem
459 1133 553 1186 Sullae
564 1133 600 1184 od
615 1133 771 1185 turbandum
783 1139 878 1186 statum
890 1134 999 1186 civitatis
1007 1141 1157 1204 petentem,
1177 1137 1255 1188 occi-

188 1205 263 1256 derat
278 1203 350 1254 iussu
366 1203 460 1255 Sullae
475 1209 537 1254 tunc
553 1201 694 1254 dictatoris.
730 1201 769 1253 tis
785 1219 846 1269 erpo
862 1211 940 1270 nepot
959 1203 1075 1271 iqnotum
1091 1219 1167 1270 esse,
1188 1219 1255 1256 cum

188 1273 265 1324 etiam
273 1271 405 1338 imperitos
414 1287 441 1322 se
449 1269 563 1322 domines
572 1285 626 1322 esse
635 1278 666 1337 et,
672 1270 698 1322 si
705 1286 779 1339 quem
791 1272 868 1323 etiam
879 1269 1075 1338 interfecissent,
1080 1273 1258 1340 imperatori

188 1357 220 1392 ac
232 1339 355 1392 dictatori
360 1339 483 1408 paruisse
495 1339 616 1404 dicerent,
626 1354 659 1390 ac
670 1353 767 1405 nepare
778 1355 879 1408 quoque
888 1349 993 1407 possent
997 1358 1008 1405 ;
1021 1340 1171 1392 Catilinam
1185 1358 1254 1393 aero

187 1409 299 1479 infitiari
307 1425 360 1459 non
370 1423 454 1475 posse.
487 1406 562 1457 laius
575 1415 660 1460 autem
672 1407 788 1458 criminis
798 1407 951 1474 periculum,
963 1408 1033 1476 quod
1044 1407 1123 1460 obicit
1138 1408 1252 1475 Cicero,

183 1493 287 1546 paucos
294 1485 356 1543 post
368 1491 465 1526 menses
480 1474 593 1527 Catilina
604 1474 688 1526 subiit.
708 1482 771 1542 post
783 1473 875 1544 effem
887 1476 954 1541 enim
966 1476 1069 1526 comitia
1081 1477 1253 1528 consularia

187 1553 211 1597 et
226 1543 354 1598 Catilinae
364 1543 496 1609 repulsum
507 1540 569 1606 fecit
581 1558 637 1593 eum
654 1558 727 1593 reum
738 1543 805 1594 inter
817 1543 928 1594 sicarios
938 1543 971 1596 L.
983 1543 1113 1595 Lucullus
1121 1552 1254 1610 paratus

188 1613 359 1679 eruditusque,
372 1609 418 1678 qui
424 1618 517 1677 postea
530 1611 692 1662 consulatum
704 1625 805 1678 quoqne
813 1610 894 1678 petiit.

201 1707 252 1772 18.
271 1731 300 1772 a.
323 1707 406 1771 hanc
424 1716 459 1770 tu
476 1706 576 1770 habes
594 1705 798 1792 dignitatem,
821 1728 885 1790 qua
903 1706 1003 1772 fretus
1021 1729 1073 1771 me
1091 1719 1251 1773 contem-

134 1795 184 1859 nis
207 1804 238 1858 et
260 1792 412 1878 despicis,
435 1814 477 1856 an
500 1814 587 1867 eam,
611 1813 709 1874 quam
732 1791 855 1874 'reliqua
878 1793 944 1857 vita
966 1815 1001 1858 es
1024 1795 1251 1861 consecutus?

136 1901 209 1946 cum
226 1879 271 1943 ita
288 1876 406 1954 vixisti,
424 1889 459 1940 ut
477 1898 541 1940 non
559 1888 644 1942 esset
660 1878 750 1941 locus
769 1888 835 1942 tam
853 1889 993 1954 sanctus,
1012 1899 1075 1962 quo
1093 1898 1165 1944 non
1186 1879 1249 1944 ad·
1328 1947 1329 1950 ,

135 1974 249 2030 ventus
269 1975 356 2038 tuus,
379 1962 475 2027 etiam
494 1983 567 2025 cum
586 1962 680 2046 culpa
697 1962 786 2027 nulla
804 1962 963 2040 subesset,
988 1963 1109 2029 cumen
1130 1965 1247 2030 adfer-

134 2061 198 2126 rct3
232 2048 264 2112 b.
283 2070 357 2112 oum
375 2046 654 2132 deprehendebare
671 2047 706 2110 in
724 2047 904 2124 adulteriis,
923 2070 997 2114 cum
1015 2047 1248 2133 deprehende·

134 2135 193 2199 bas
211 2133 371 2198 adulteros
387 2133 472 2233 ipson
500 2153 575 2196 cum
597 2154 638 2197 ex
655 2131 768 2198 eodem
792 2143 903 2218 stupro
926 2133 984 2198 tibi
1002 2145 1034 2201 et
1050 2156 1192 2200 uxorem
1213 2147 1247 2200 et

134 2220 232 2284 filiam
249 2218 407 2283 invenistr.

237 2336 262 2372 a.
286 2318 380 2385 Fadia,
401 2318 473 2387 virqo
490 2317 613 2385 Vestalis,
632 2335 739 2372 causam
762 2319 855 2372 incesti
869 2321 982 2386 denerat,
1004 2337 1061 2372 cum
1077 2320 1103 2374 ei
1121 2321 1244 2374 Catilina

185 2388 340 2454 obiceretur,
360 2395 467 2456 eratque
487 2387 614 2440 absoluta.
653 2388 716 2440 leaeo·
736 2387 820 2441 Fabia
839 2388 902 2457 quia
921 2405 1000 2440 soror
1021 2398 1078 2442 erat
1094 2391 1242 2442 Terentiae

187 2457 326 2522 ct'oerono,
347 2455 403 2508 ideo
423 2455 461 2507 sic
477 2456 553 2508 dicit:
575 2454 666 2508 ‘etiam
686 2456 711 2508 si
730 2458 808 2525 culpa
829 2457 904 2509 nulla
921 2456 1049 2509 subesset!
1084 2457 1124 2510 ita
1141 2465 1166 2510 et
1183 2458 1242 2509 suis

180 2525 298 2593 pepercit
318 2531 342 2576 et
363 2525 441 2576 nihilo
459 2524 538 2576 leuius
553 2523 657 2576 inimico
674 2526 768 2576 summi
782 2525 918 2592 opprobrii
933 2525 1118 2592 turpitudinem
1136 2526 1239 2578 obiecit.

187 2592 208 2644 d.
227 2593 333 2658 dicitur,
353 2592 492 2646 Catilinam
513 2593 668 2645 adulterium
685 2593 841 2646 commisisse
862 2609 920 2646 cum
940 2609 984 2658 ea,
1005 2609 1072 2671 quae
1093 2594 1120 2644 ei
1140 2602 1239 2661 postea

185 2677 276 2712 socrus
292 2658 355 2725 fuit,
373 2669 396 2711 et
412 2677 443 2712 eu
455 2677 484 2712 eo
496 2669 586 2728 stupro
598 2661 701 2713 duanae
712 2677 832 2726 urrerem,
849 2676 907 2712 cum
920 2660 979 2729 silio
991 2675 1045 2710 etus
1057 2669 1131 2712 esset.
1170 2661 1240 2713 haec

184 2727 312 2780 Lucceius
332 2744 431 2796 quoque
445 2728 574 2780 Catilinae
590 2728 665 2780 obicit
681 2730 709 2780 in
725 2728 898 2794 orationibus,
916 2743 982 2796 quos
998 2726 1025 2778 t‘n
1042 2743 1099 2779 eum
1114 2729 1240 2797 scripsit,

184 2797 289 2848 nomina
300 2795 393 2846 harum
405 2795 542 2846 mulierum
554 2797 668 2848 nondum
681 2797 774 2848 inveni.

199 2891 250 2956 19.
273 2913 302 2955 a.
330 2889 408 2973 quid
433 2911 509 2974 ego,
536 2901 573 2954 ut
594 2890 785 2956 involaveris
808 2887 1021 2974 provinciam,
1048 2889 1236 2974 praedicem

133 2989 248 3044 cuncto
269 2976 389 3062 populo
407 2974 554 3041 Romano
576 2973 794 3126 grenlamanoe
816 2996 854 3038 ac
876 2974 1060 3040 resistente?
1095 2997 1174 3040 nam
1196 2987 1235 3040 ut

133 3077 164 3130 te
187 3064 252 3128 illic
273 3061 424 3148 gesseris,
450 3082 515 3124 non
537 3084 577 3126 au
601 3084 638 3126 eo
662 3063 781 3136 dicere,
809 3059 960 3142 quoniam
987 3059 1154 3125 absolutus
1186 3083 1233 3125 es.

133 3149 164 3214 b.
182 3157 345 3234 praetereo
357 3146 449 3210 illum
465 3146 623 3212 nefarium
637 3157 785 3212 conatum
803 3155 895 3209 tuum
912 3155 944 3210 et
960 3167 1064 3228 paene
1077 3145 1231 3212 acerbum

133 3246 165 3297 et
186 3235 369 3297 luctuosum
390 3232 509 3317 populo
531 3231 678 3298 Romano
700 3231 799 3306 diem,
822 3251 897 3294 cum
922 3227 983 3296 Cn.
1001 3231 1120 3296 Pisone
1144 3229 1231 3294 socio

131 3340 173 3385 ne
190 3338 286 3402 quem
305 3316 403 3382 alium
420 3317 590 3395 nominem,
609 3317 740 3384 caedem
758 3315 947 3401 optimatum
964 3315 1071 3382 facere
1088 3314 1230 3380 voluisti.

235 3435 260 3470 a.
271 3418 366 3470 dictum
375 3426 412 3471 est
423 3419 593 3488 iomsaepias,
600 3419 741 3474 Catilinam
753 3435 784 3470 ea
792 3415 1049 3486 praeturaAsricam
1058 3413 1232 3466 obtinuissent

183 3495 323 3539 accusante
341 3503 398 3538 eum
413 3489 614 3557 repetundarum
625 3489 657 3542 P.
673 3487 763 3540 Clodio
775 3487 920 3538 absolutum
936 3501 998 3536 esse.
1035 3482 1057 3535 b.
1070 3499 1135 3552 quos
1146 3481 1232 3534 nomi·

166 3563 242 3621 nat,
265 3555 415 3622 intelliqitis.
450 3555 501 3623 suit
524 3557 591 3610 enim
616 3557 716 3626 opinio,
742 3554 882 3609 Catilinam
905 3559 929 3606 el
947 3553 993 3604 Cn.
1010 3551 1145 3616 Pisonem,
1165 3550 1230 3603 ado-

183 3625 318 3676 lescentem
330 3624 474 3691 perditum,
493 3625 644 3680 coniurasse
660 3625 696 3678 od
711 3624 814 3678 caedem
824 3629 929 3675 senatus
944 3618 1093 3687 facundam
1109 3627 1170 3672 ante
1181 3635 1229 3670 an·

182 3707 245 3744 num
269 3707 346 3762 quam
368 3692 431 3746 licea
454 3693 523 3748 dieta
546 3703 619 3762 sunt,
646 3693 720 3749 Cotta
740 3702 764 3746 et
784 3694 917 3760 Torquato
939 3687 1100 3755 consulibus,
1124 3701 1231 3764 eamque

184 3759 287 3813 caedem
298 3759 353 3812 ideo
366 3777 419 3814 non
431 3777 486 3814 esse
495 3761 603 3829 factam,
617 3765 687 3833 quod
697 3762 782 3832 prius,
795 3777 873 3831 quarn
881 3758 976 3828 parati
985 3765 1075 3823 essent,
1088 3755 1230 3834 coniuratas

182 3828 285 3896 siynum
301 3829 408 3881 dedisset
426 3829 549 3884 Catilina.
585 3832 647 3885 Piso
665 3840 763 3897 autem,
781 3846 838 3882 cum
850 3829 912 3880 llaec
924 3826 1084 3890 dicerentur,
1096 3826 1228 3901 perierat:

181 3897 211 3947 in
220 3896 377 3964 Hispaniam
385 3896 479 3951 mesmes
489 3908 605 3952 asenatu
614 3917 663 3969 per
673 3901 795 3954 honorem
807 3894 950 3966 leqatdmis,
960 3903 988 3947 ut
1000 3911 1018 3946 a
1027 3909 1056 3945 re
1065 3891 1171 3959 publico
1182 3886 1228 3965 ab·

147 4007 150 4014 .
183 3965 323 4032 leqcretur,
339 3965 432 4036 ibique,
449 3967 510 4019 dum
520 3968 630 4021 iniurius
637 3966 843 4038 prouincialibus
853 3962 928 4031 facit,
942 3963 1042 4014 census
1054 3967 1119 4026 erat,
1130 3963 1159 4008 ut
1170 3970 1226 4024 qut·

145 4059 149 4065 ·
182 4032 244 4084 dam
257 4033 402 4103 credebant,
415 4051 432 4088 a
446 4035 493 4090 Cn.
505 4037 625 4107 Pompeii
635 4036 776 4102 cluentium,
788 4032 911 4102 Pompeio
923 4047 977 4083 non
987 4029 1073 4083 invito·
