2674 4558
140 283 180 347 72
480 295 518 350 Μ.
537 295 674 354 TULLII
693 294 891 353 CICERONIS

137 416 214 538 {²⁸¹2
221 432 305 538 qpiam
316 416 423 541 puppes
434 415 600 487 relinquere,
613 417 658 472 his
668 433 733 473 sero
745 416 826 473 modo
838 415 939 472 auditis
951 417 1037 472 multo
1048 417 1147 490 magis.
1167 416 1240 472 Cic.

165 501 221 540 us.
266 503 308 556 sp.
338 525 345 554 ,
395 526 401 539 .

202 555 232 620 7.
254 561 317 633 quis
328 561 432 617 suffiae
447 561 593 632 quantovis
610 561 784 630 eloquentiae
796 561 909 618 flumine
925 563 999 618 ritae
1009 562 1092 618 huius
1107 561 1239 617 miserias

138 638 297 720 applicare?
319 655 404 709 quam
414 639 581 694 lamentatus
593 643 636 696 est
644 637 742 695 Cicero
752 639 783 720 in
798 637 990 722 Consolatione
1002 641 1037 695 de
1049 643 1137 720 morte
1144 639 1239 720 tiliae,

137 711 209 828 {pp}
216 712 321 829 pptppt,
334 708 384 762 sed
395 711 529 777 quantum
540 713 583 763 est
598 707 673 778 quod
683 707 793 779 potunt?
827 708 1039 780 Augustinus
1051 708 1087 764 de
1098 713 1172 764 civit.
1187 709 1236 762 der

202 815 232 910 8’.
250 815 323 906 heito
340 850 527 908 conferentem
547 857 672 908 auctores
688 869 733 907 me
750 853 965 923 deprehendisse
981 867 1000 908 a
1014 850 1189 908 iuratissimis
1206 859 1237 908 et

135 927 266 998 proximis
277 933 384 985 veteres
396 928 590 1000 nanncnptos
602 929 774 997 adverbum,
786 945 842 984 non
854 927 1036 986 Ciceroniana
1047 929 1234 1000 simplicitate,

96 1027 100 1034 ·
137 995 185 1064 qui
205 995 241 1050 de
260 1011 291 1052 ra
305 1013 335 1068 p.
351 996 476 1052 Platonis
493 1013 522 1051 ee
539 999 666 1053 comitem
686 996 842 1068 profitetur,
866 998 896 1052 in
917 996 1110 1053 Consolatione
1130 995 1233 1066 [tiliae]

138 1065 325 1133 Crantorem
342 1073 433 1143 inquit
450 1089 576 1151 sequor.
601 1071 736 1128 Plinius
748 1072 812 1129 Nat.
826 1073 891 1129 hist.
904 1073 992 1145 praet.
1007 1075 1030 1146 5.
1043 1073 1086 1128 22.
1114 1073 1238 1146 legimus

138 1147 297 1205 Crantorem
328 1151 406 1206 curius
416 1150 544 1206 volumen
562 1150 598 1205 ad
615 1149 815 1204 confovendum
831 1149 953 1204 dolorem
969 1167 1049 1204 suum
1065 1155 1174 1204 secutus
1191 1158 1236 1206 est

138 1214 242 1272 Cicero.
278 1189 501 1292 Hieronymus
514 1218 593 1288 epist.
607 1217 650 1288 60,
662 1219 687 1273 5.
702 1217 775 1290 Opp.
788 1217 823 1273 T.
836 1217 859 1272 Ι.
872 1234 900 1289 p.
913 1217 974 1273 334
988 1218 1031 1273 ed.
1044 1218 1163 1273 Vallars.

201 1297 232 1362 9.
254 1303 374 1374 denique
384 1303 524 1359 etTullius
531 1303 660 1374 expositis
668 1301 1234 1375 horumomniuthlatonis,Pythagorae,

135 1379 317 1461 Pherecydis,
330 1379 506 1450 Dicaearchi,
519 1379 681 1450 Democriti,
696 1379 819 1451 Epicuri)
833 1380 868 1435 de
880 1379 1085 1434 immortalitate
1098 1397 1131 1434 ac
1144 1385 1237 1434 morte

136 1448 280 1503 sententiis
300 1449 407 1504 nescim
428 1465 468 1520 se,
488 1449 556 1518 quid
576 1447 612 1502 sit
630 1465 739 1518 verum
759 1447 954 1520 pronuntiavit.
1000 1447 1122 1502 ‘harum'
1141 1448 1236 1517 iuquit

136 1514 231 1580 (Tusa.
245 1517 316 1588 disp.
329 1517 353 1586 1,
364 1517 418 1584 23.)
432 1516 644 1572 ‘sententiarum
655 1532 728 1587 quae
739 1533 805 1572 vera
816 1516 860 1586 sit,
874 1517 942 1572 deus
955 1515 1041 1588 aliqui
1052 1515 1168 1570 videfitst
1205 1523 1234 1572 et

135 1608 229 1647 nurus
245 1592 314 1646 alibi
334 1587 483 1670 quoniam
511 1599 647 1670 utraque
668 1593 760 1662 inquit
782 1610 893 1664 earum
919 1586 1147 1653 sententiarum
1173 1588 1234 1652 do·

136 1669 291 1734 ctissimos
313 1672 424 1736 habuit
447 1683 608 1748 auctores,
633 1691 693 1738 nec

134 1752 338 1806 Lactantius
349 1752 417 1807 Inst.
431 1753 486 1808 div.
498 1754 564 1822 VII,
576 1755 594 1808 8
606 1760 673 1808 extr.
698 1693 762 1810 Iiluc
773 1755 868 1810 retulit
878 1755 962 1810 Bern.
975 1755 1051 1827 Aug.
1064 1753 1172 1810 Schula.

200 1829 251 1894 10.
275 1836 343 1906 quid
359 1835 485 1892 Ciceroni
500 1837 654 1894 faciemus?
675 1839 803 1909 quicum
823 1840 853 1895 in
873 1838 1010 1910 principio
1031 1837 1235 1896 Consolationis

135 1928 201 1967 suae
211 1910 332 1982 dixisset,
341 1913 503 1969 luendorum
512 1917 647 1970 scelerum
655 1933 740 1971 causa
751 1917 828 1972 nasci
836 1916 969 1986 homines,
982 1916 1093 1973 iteravit
1100 1917 1131 1972 id
1139 1915 1232 1988 ipsum

134 1985 241 2052 postea,
257 1981 339 2051 quasi
349 1982 500 2054 obiurgans
512 1999 583 2054 eum,
600 1985 650 2054 qui
665 1985 751 2039 vitam
762 2001 881 2056 poenam
892 2002 947 2040 non
959 2001 1020 2041 esse
1030 1990 1119 2067 putet.
1154 1991 1233 2042 recte

135 2066 202 2121 ergo
220 2049 345 2131 profatum
366 2056 408 2106 est
429 2067 519 2132 errore
540 2069 574 2107 ac
593 2051 745 2108 miserabili
759 2053 883 2110 veritatis
904 2054 1061 2126 ignorantia
1081 2070 1112 2110 se
1132 2055 1231 2109 teneri.

133 2117 334 2173 Lactantius
346 2117 413 2173 inst.
431 2119 484 2174 div.
497 2119 551 2189 III,
564 2121 607 2189 18,
620 2121 661 2176 18.

199 2187 249 2252 11.
273 2193 339 2250 hinc
354 2200 420 2250 nata
437 2201 479 2250 est
494 2195 590 2267 inepta
605 2197 655 2252 illa
673 2199 823 2267 sententia,
843 2198 917 2254 hanc
929 2215 990 2254 esse
1001 2203 1129 2269 mortem,
1146 2214 1232 2268 quam

133 2286 183 2325 nos
192 2271 280 2326 vitam
289 2277 427 2343 putemus,
442 2273 520 2328 illam
531 2273 626 2344 vitam,
638 2288 723 2343 quam
734 2292 784 2332 nos
795 2293 845 2347 pro
857 2281 945 2332 morte
956 2276 1111 2344 timeamus,
1122 2277 1163 2332 ita
1173 2277 1230 2347 pri-

132 2355 208 2394 mum
219 2339 322 2396 bouum
334 2356 394 2396 esse
406 2358 462 2399 non
472 2342 563 2412 nasu,
575 2343 726 2398 secundum
737 2343 819 2400 citius
831 2343 913 2400 mori:
931 2360 1016 2415 quae,
1027 2350 1059 2399 ut
1069 2345 1180 2400 maioris
1192 2345 1231 2398 sit

132 2415 315 2488 auctoritatis,
336 2415 430 2473 Sileno
451 2417 616 2474 attribuitur.
658 2417 754 2476 Cicero
774 2421 804 2476 in
825 2417 1018 2478 Consolatione
1050 2439 1115 2482 non
1140 2417 1230 2482 nasci

131 2502 225 2573 inquit
247 2496 344 2584 longe
371 2497 526 2584 optimum
557 2519 617 2565 nec
643 2499 678 2564 in
704 2500 762 2566 hos
789 2502 938 2587 scopulos
968 2501 1107 2568 incidere
1135 2503 1231 2578 vitae,

132 2583 313 2669 proximum
332 2593 454 2662 autem,
482 2584 620 2650 sinatus
639 2585 698 2664 eis,
725 2608 822 2670 quam
846 2587 984 2673 primum
1006 2586 1087 2651 mori
1105 2600 1133 2652 et
1148 2598 1233 2652 tam-

154 2691 230 2733 uam
248 2689 288 2732 ex
305 2667 453 2733 incendio
471 2667 616 2806 effugere
634 2671 791 2736 fortunae.
825 2676 975 2732 credidisse
991 2675 1070 2730 illum
1081 2677 1233 2733 vanissimo

153 2749 207 2804 'cto
224 2748 354 2804 exindea
393 2754 465 2819 aret,
483 2764 539 2830 quo
574 2752 679 2806 adiecit
695 2753 801 2822 aliquid
813 2753 848 2806 de
860 2769 909 2807 suo
939 2755 1099 2806 utornaret.
1134 2753 1231 2808 Idem

131 2815 240 2886 111,1e,
253 2816 295 2868 14.
321 2767 461 2870 eihan.
476 2817 547 2888 nep.
561 2819 585 2887 1,
599 2819 657 2873 114.
671 2819 745 2874 unt.
759 2818 867 2874 uenat.
882 2792 1058 2889 aaron...
1073 2835 1097 2873 e.
1110 2819 1152 2874 er.

196 2893 248 2958 12.
271 2897 347 2953 idem
362 2899 393 2952 iu
410 2897 617 2973 Consolatione,
633 2903 663 2958 id
680 2903 767 2958 estin
784 2917 868 2974 opere
884 2919 939 2958 non
954 2902 1084 2972 ioculari,
1100 2904 1173 2960 hanc
1192 2905 1232 2962 de

130 2981 307 3056 philosophia
318 2983 483 3039 sostenium
494 2985 596 3041 tulistis
622 2982 679 3048 sed
704 2984 812 3048 nescio
840 2981 896 3066 qui
922 3004 980 3048 nos
1006 2993 1114 3050 teneat
1139 3006 1231 3051 error

131 3077 187 3130 aut
203 3062 393 3131 miserabilis
409 3063 567 3149 ignoratio
586 3068 662 3133 veri.
701 3072 795 3129 Idem
805 3072 1116 3146 111,14,20.cf.ruprs
1126 3094 1153 3130 n.
1167 3077 1208 3131 10.

196 3159 247 3224 13.
271 3164 314 3219 sin
335 3169 429 3220 autem
450 3173 493 3218 est
513 3164 611 3234 quinta
628 3166 764 3237 quaedam
780 3170 880 3223 natura
895 3167 932 3224 ab
948 3167 1098 3224 Aristotele
1112 3167 1230 3224 inducta

129 3241 257 3310 primum,
273 3239 344 3295 haec
362 3245 391 3295 et
407 3239 520 3295 deorum
533 3247 575 3298 est
587 3248 616 3299 et
627 3243 788 3300 animorum.
817 3246 889 3301 hanc
900 3263 950 3301 nos
962 3244 1127 3301 senentiam
1139 3247 1229 3302 secuti

128 3317 173 3370 his
188 3315 258 3387 ipsis
273 3315 366 3372 verbis
381 3316 412 3372 in
428 3314 623 3376 Consolatione
640 3320 838 3391 expressimus:
872 3317 1050 3382 animorum
1079 3316 1166 3381 nulla
1192 3317 1227 3381 in

129 3395 220 3461 terrie
239 3396 329 3480 origo
346 3395 483 3463 inveniri
500 3408 619 3484 potest;
642 3400 721 3466 nihil
739 3401 823 3466 enim
842 3415 889 3468 est
907 3403 941 3469 iu
959 3402 1071 3467 animis
1090 3402 1225 3466 mixtum

68 3505 71 3512 ·
129 3489 226 3562 atque
244 3492 427 3546 concretum
446 3494 503 3548 aut
520 3484 606 3569 quod
624 3498 765 3552 exterra
783 3499 891 3554 natum
910 3500 1006 3570 atque
1029 3487 1137 3552 lictum
1155 3509 1226 3554 esee

129 3563 284 3641 videatur,
298 3563 376 3629 nihil
390 3589 431 3632 ne
445 3581 501 3635 aut
518 3569 662 3635 umidum
677 3572 806 3656 quidem
820 3582 875 3637 aut
888 3572 995 3638 flabile
1009 3583 1064 3637 aut
1082 3572 1227 3657 igneum.

732 1673 789 1736 uid
807 1673 883 1738 certi
902 1673 943 1736 sit
960 1672 1094 1736 divinari
1115 1683 1234 1757 potest.
1335 1693 1336 1696 ’

71 3703 74 3709 .
128 3649 178 3714 hie
196 3649 280 3716 enim
297 3647 331 3713 in
349 3653 470 3719 naturis
487 3653 567 3720 nihil
584 3655 682 3734 inest,
700 3657 787 3740 quod
805 3657 870 3722 vim
888 3657 1076 3733 memoriae,
1099 3657 1225 3735 mentis,
1335 3739 1336 3742 Ἴ

129 3757 166 3800 co
190 3734 327 3799 ‘tationis
350 3735 481 3816 habeat,
503 3738 591 3823 quod
609 3751 641 3806 et
662 3741 831 3827 praeterita
849 3745 954 3809 terteat
973 3753 1005 3808 et
1022 3741 1132 3806 futura
1148 3763 1227 3826 pro·

128 3821 160 3888 vi
184 3832 235 3887 eat
252 3832 284 3886 et
302 3821 468 3908 complecti
487 3824 588 3910 possit
609 3828 803 3912 praesentia,
822 3849 905 3912 quae
922 3827 990 3894 sola
1008 3826 1116 3892 divina
1133 3838 1226 3906 sunt3

128 3929 188 3972 nec
213 3905 392 3972 invenietur
417 3921 587 3993 umquam,
614 3911 699 3978 unde
721 3911 763 3976 ad
784 3912 946 3979 hominem
968 3911 1075 3979 venire
1102 3913 1225 3997 possint

128 3990 190 4090 nisi
208 3991 316 4058 adeo.
360 3991 532 4079 singularis
554 4006 603 4059 est
625 3995 723 4096 igitur
744 3998 902 4081 quaedam
924 4008 1039 4064 natura
1060 4007 1157 4080 atque
1175 3999 1228 4064 vis

128 4078 235 4153 ommi,
255 4077 398 4144 seiuncta
415 4079 457 4144 ab
474 4079 525 4144 his
543 4079 666 4146 usitatis
684 4082 829 4168 notisque
847 4083 977 4149 naturis.
1009 4083 1054 4147 ita
1071 4083 1226 4166 quicquid
