2714 4554
528 279 578 351 [ιι.
597 277 732 335 ruamr
750 275 963 344 orcanoms]

243 403 328 471 enim
355 428 407 472 me
433 402 568 490 sperasti
595 412 740 467 mutuam
768 401 826 466 tibi
852 399 988 487 gratiam
1014 399 1206 480 relaturum,
1236 411 1277 466 ut

242 498 384 565 vicissim
400 509 472 564 tuas
490 496 729 582 compellarem
755 517 839 561 unus
862 495 998 560 enimes
1021 493 1097 559 satis
1118 497 1277 562 materiae

242 591 379 672 habens3
397 613 502 677 neque
520 590 692 674 quicquam
706 589 793 655 domi
809 600 885 655 tuae
901 588 1027 674 turpius
1045 600 1093 655 est
1110 609 1208 674 quam
1228 601 1276 655 tu.

242 688 379 753 multum
400 699 448 764 te,
476 685 599 770 opinor,
625 683 722 761 fallit,
749 683 805 768 qui
826 682 905 748 mihi
922 705 1035 769 parare
1052 683 1174 769 putasti
1190 683 1278 750 invi·
1344 749 1345 772 ,

243 780 329 845 diam
356 803 397 846 ex
422 801 496 846 mea
521 801 556 845 re
578 777 741 855 familiari,
770 799 853 862 quae
875 777 953 842 mihi
975 777 1076 843 multo
1098 779 1202 844 minor
1223 790 1275 846 est
1344 775 1345 820 ³

243 893 340 956 quam
357 872 476 940 habere
490 872 606 959 dignus
624 893 705 936 sum.
733 882 830 955 atque
844 871 967 937 utinam
981 881 1125 938 natanta
1142 871 1275 957 quidem

243 977 327 1034 esset
343 977 464 1051 quanta
480 976 543 1044 est,
560 975 596 1031 ut
613 965 720 1052 potius
739 965 833 1030 amici
851 966 915 1030 mei
933 965 1078 1031 viverent
1095 987 1191 1051 quam
1209 989 1277 1052 ego
1345 977 1346 1032 ξ

200 1081 226 1121 10
243 1060 442 1150 testamentiq
453 1081 564 1127 eorum
581 1059 770 1145 locupletior
787 1058 904 1124 essem!
946 1081 1007 1146 ego
1020 1059 1131 1146 fugax,
1149 1058 1188 1125 (l.
1208 1058 1276 1126 Sa.-

242 1154 455 1220 lusti?·furori
471 1154 591 1220 tribuni
608 1154 651 1239 pl.
666 1152 761 1219 cessi:
784 1152 893 1217 utilius
911 1152 989 1218 duxi
1006 1153 1151 1238 quamvis
1167 1152 1275 1218 fcrtu-
1345 1151 1346 1156 ’

242 1271 319 1314 nam
335 1271 419 1314 unus
437 1248 575 1337 experiri
592 1268 689 1331 quam
707 1247 856 1313 universo
873 1248 992 1333 populo
1006 1247 1151 1313 Romano
1169 1247 1275 1313 civilis

243 1366 314 1410 esse
332 1343 536 1410 dissensionis
554 1364 665 1420 causa3
689 1343 760 1426 qui,
784 1352 1011 1427 posteaquam
1032 1342 1085 1407 ille
1102 1364 1198 1407 suum
1216 1365 1276 1408 an·
1346 1355 1347 1424 f

242 1460 321 1502 num
334 1438 369 1503 in
382 1460 417 1504 re
428 1437 559 1524 pubHca
572 1435 805 1523 perbacchatus
822 1446 871 1501 est
887 1436 1067 1520 omniaque,
1086 1455 1169 1520 quae
1186 1458 1275 1501 com·

243 1546 401 1611 moverat,
430 1555 510 1619 pace
528 1544 560 1599 et
577 1532 641 1596 otio
664 1531 864 1607 resederunt,
890 1530 952 1597 hcc
969 1531 1079 1596 ordine
1101 1541 1274 1596 revocante

244 1637 342 1711 atque
362 1627 434 1712 ipsa
456 1649 491 1692 re
512 1626 644 1711 publica
664 1647 762 1690 manu
779 1624 959 1691 retrahente
976 1647 1029 1690 me
1046 1625 1172 1691 reverti.
1218 1625 1276 1708 qui

243 1719 323 1783 mihi
349 1718 426 1796 dies,
454 1720 482 1783 si
510 1741 584 1784 cum
606 1719 693 1782 omni
714 1718 838 1802 reliqua
859 1718 926 1783 vita
943 1719 1138 1797 conferatur,
1165 1719 1277 1783 animo

244 1811 374 1897 quidem
395 1833 469 1877 meo
490 1823 634 1898 superat,
658 1833 732 1877 cum
749 1812 889 1877 universi
906 1833 963 1876 vos
985 1812 1188 1898 populusque
1206 1811 1277 1878 Ro·

242 1928 357 1970 manus
378 1905 529 1991 frequens
551 1905 692 1970 adventu
718 1926 789 1971 meo
812 1906 992 1991 gratulatus
1014 1916 1075 1971 est.
1103 1905 1184 1970 tanti
1209 1927 1277 1983 me,

244 1997 405 2084 firgacem,
418 1998 673 2064 mercennarium
685 2008 867 2084 patronum,
884 1997 919 2063 hi
934 1998 1190 2064 aestimaverunt
1218 2021 1278 2063 ne·

200 2081 308 2195 4que
329 2091 460 2159 hercule
487 2091 604 2157 mirum
627 2104 689 2170 est,
716 2092 743 2157 si
770 2114 831 2178 ego
854 2114 980 2202 semper
1003 2092 1103 2158 iustas
1129 2093 1275 2157 omnium

243 2184 399 2252 amicitias
423 2185 617 2253 existimavi.
644 2207 709 2251 non
736 2186 821 2252 enim
846 2186 903 2250 uni
928 2186 1078 2273 privatim
1104 2187 1277 2252 ancillatus

243 2302 314 2344 sum
332 2302 438 2366 neque
454 2302 507 2348 me
525 2279 648 2358 addixi,
672 2280 744 2359 sed,
767 2291 924 2364 quantum
946 2280 1082 2389 quisque
1098 2280 1145 2346 rei
1167 2279 1277 2366 publi·

243 2395 300 2440 cae
322 2375 457 2450 studuit,
484 2374 563 2439 mihi
588 2385 658 2440 tant
658 2397 713 2439 um
735 2373 797 2439 fuit
819 2384 874 2440 aut
897 2374 1018 2439 amicus
1036 2384 1092 2439 aut
1112 2373 1277 2440 inimicus.
1348 2369 1349 2434 j

243 2490 305 2555 ego
322 2468 402 2534 nihil
423 2469 497 2555 plus
518 2468 607 2534 volui
624 2469 731 2534 valere
748 2489 845 2551 quam
867 2488 994 2553 pacem:
1021 2467 1113 2532 multi
1130 2468 1277 2553 privato-

242 2584 314 2628 rum
327 2563 478 2629 audacias
493 2572 689 2640 metuerunt3
708 2583 769 2649 ego
781 2561 862 2628 nihil
874 2561 965 2626 timui
979 2560 1041 2626 nisi
1057 2562 1161 2648 leges:
1179 2564 1276 2628 multi

242 2677 332 2721 arma
354 2679 414 2722 sua
435 2657 540 2722 timeri
562 2658 740 2722 voluerunt.
785 2677 847 2740 ego
872 2676 1049 2738 numquam
1072 2657 1160 2720 volui
1182 2656 1275 2742 quic·

242 2770 341 2832 quam
358 2770 453 2834 posse
470 2750 532 2814 nisi
553 2771 612 2834 pro
629 2749 736 2815 vobisz
759 2749 852 2813 multi
869 2771 909 2814 ex
926 2747 1019 2813 vobis
1036 2749 1179 2834 potentia
1196 2751 1272 2816 freti

241 2840 276 2904 in
293 2861 350 2906 vos
368 2841 434 2905 suis
452 2842 684 2910 viribusabusi
702 2853 786 2908 sunta
825 2842 934 2926 itaque
951 2863 1017 2906 non
1033 2853 1084 2908 est
1098 2843 1227 2921 mirum,
1246 2846 1274 2909 si

241 2933 360 2999 nullius
377 2933 516 2998 amicitia
533 2956 611 3000 usus
628 2957 714 3014 sum,
732 2935 788 3020 qui
805 2957 870 3001 non
886 2947 1040 3022 perpetuo
1057 2936 1104 3002 rei
1121 2937 1275 3023 publicae

199 3047 224 3088 rr
242 3026 365 3093 amicus
382 3027 453 3093 fuit.
484 3030 692 3112 nequeenim
709 3053 761 3095 me
779 3030 929 3115 paenitet,
948 3029 975 3095 si
993 3040 1048 3096 aut
1065 3031 1185 3118 petenti
1203 3033 1275 3098 Va·

241 3121 319 3188 tinio
341 3142 396 3188 reo
422 3121 632 3208 patrocinium
657 3123 817 3208 pollicitus
843 3147 915 3189 sum
937 3134 993 3190 aut
1011 3122 1109 3190 Sestii
1130 3124 1273 3191 insolen-

240 3218 319 3282 tiam
335 3215 473 3303 repressi
490 3225 547 3280 aut
555 3215 664 3280 Bibuli
682 3215 868 3301 patientiam
884 3218 1010 3303 culpavi
1028 3229 1086 3283 aut
1098 3219 1272 3284 virtutibus

241 3309 389 3377 Caesaris
413 3308 490 3373 favi.
533 3308 594 3374 hae
617 3310 703 3375 enim
724 3311 836 3377 laudes
859 3312 982 3398 egregii
1005 3312 1083 3377 civis
1102 3325 1135 3379 et
1155 3314 1274 3380 unicae

240 3412 329 3480 sunt3
356 3423 439 3485 quae
462 3400 489 3466 si
506 3411 542 3467 tu
559 3401 638 3468 mihi
660 3414 697 3468 ut
713 3404 791 3469 vitia
808 3405 936 3483 obiicis,
963 3406 1124 3472 temeritas
1146 3417 1202 3471 tua
1219 3431 1274 3474 re-

239 3494 464 3580 prehendetur,
481 3517 546 3561 non
564 3519 636 3563 mea
653 3498 731 3562 vitia
748 3499 973 3584 culpabuntur.
1009 3501 1103 3586 plura
1119 3499 1274 3578 dicerem,

240 3590 266 3655 si
285 3588 371 3674 apud
389 3589 468 3656 ahos
486 3592 565 3657 mihi
582 3605 665 3659 esset
682 3593 864 3672 dicendum,
881 3606 988 3679 patres
1008 3595 1189 3682 conscripti,
1207 3617 1274 3662 non

240 3684 327 3770 apud
343 3705 416 3761 vos,
439 3704 520 3769 quos
543 3685 642 3750 habui
661 3689 804 3752 omnium
827 3689 989 3754 actionum
1006 3712 1151 3755 mearum
1170 3693 1276 3756 moni-

239 3790 334 3936 torebs.
379 3779 436 3844 sed
457 3779 514 3844 ubi
536 3802 644 3846 rerum
665 3782 847 3847 testimonia
869 3783 1000 3862 adsunt,
1023 3783 1102 3869 quid
1119 3806 1202 3871 opus
1227 3798 1276 3852 est

239 3871 364 3939 veris?

198 3961 223 4072 12
304 3965 415 4043 Nunc,
441 3977 478 4031 ut
499 3966 541 4031 ad
562 3977 594 4033 te
616 3979 772 4045 revertar,
799 3966 937 4047 Salusti,
965 3980 1154 4054 patremque
1181 3983 1278 4037 tuum

239 4070 447 4145 praeteream,
466 4061 520 4146 qui
540 4061 566 4126 si
583 4083 758 4147 numquam
776 4062 809 4126 in
827 4063 894 4127 vita
911 4086 971 4129 sua
987 4065 1143 4150 peccavit,
1163 4076 1277 4134 tamen
