2674 4558
530 251 782 312 serenasse.
982 225 990 234 ’
1166 242 1209 310 55

93 373 221 428 Platonis
234 377 325 442 atque
338 372 532 442 Xenophontis
545 373 633 428 edidit
648 373 701 429 hoc
712 392 816 448 genere
828 375 986 431 translatos.
1022 375 1210 442 Quintilia-

94 459 153 496 nus
169 441 209 511 X,
222 441 251 512 5,
263 443 292 496 2.
306 441 344 496 cf.
359 458 444 514 supra
454 441 477 496 L
489 459 516 495 n.
529 442 572 496 20.

160 581 194 647 1.
217 585 320 642 (liceto
336 587 366 642 in
382 587 550 660 Protagora:
574 583 652 668 quid
674 585 730 649 tu?
747 555 837 650 unde
861 583 992 649 tandem
1016 607 1165 670 appares,
1187 609 1207 650 ο

96 665 257 732 Socrate?
284 691 328 732 an
354 667 487 750 quidem
512 690 577 732 non
604 668 739 735 dubium
765 682 814 736 est
841 671 920 755 quin
948 669 989 734 ab
1016 671 1208 736 Alcibiade?

96 749 305 805 Priscianus
317 749 370 818 VI,
383 750 425 819 11,
438 749 480 804 63.
493 749 575 805 Plato
587 750 702 823 Protag.
714 751 775 808 init.

162 820 198 886 2.
220 843 303 882 verso
315 826 449 896 activum,
466 843 499 881 ex
511 843 566 897 quo
578 832 767 884 controversor
779 830 929 901 deponens.
958 825 1055 884 Cicero
1067 829 1097 884 in
1109 828 1207 884 Prota-

96 927 185 982 gora:
209 928 299 971 nuno
316 929 337 970 a
352 905 461 982 vobis,
474 928 508 985 Ιο
525 907 705 992 Protagora
723 919 756 975 et
774 907 939 987 Socrates,
965 910 1100 995 postulo,
1113 921 1149 974 ut
1167 911 1206 975 de

99 992 163 1056 isto
183 991 368 1057 concedatis
381 992 566 1056 alteralteri
584 1004 614 1057 et
631 993 715 1058 inter
732 1016 789 1059 vos
803 996 844 1061 de
861 995 1092 1061 huiuscemodi
1109 997 1206 1061 rebus

99 1077 399 1153 controversemini,
416 1098 482 1142 non
500 1080 697 1144 concertetis.
729 1085 929 1142 Priscianus
940 1086 1021 1156 VIII,
1036 1087 1062 1156 7,
1076 1087 1118 1142 35.
1132 1087 1206 1140 Plst.

99 1159 219 1232 Protag.
231 1179 261 1231 p.
274 1161 334 1214 337.
346 1160 382 1214 A.
394 1159 428 1214 B.
442 1159 485 1214 ed.
499 1159 596 1231 Ste'ph.

167 1231 200 1297 3.
223 1236 405 1291 vetustissimi
420 1240 450 1291 et
465 1238 553 1292 altera
568 1243 632 1292 utra
648 1241 677 1292 et
692 1238 812 1293 alterum
831 1242 924 1295 utrum
940 1244 969 1294 et
989 1240 1101 1295 alterius
1117 1240 1206 1295 utrius

99 1322 233 1378 solebant
242 1320 366 1393 proferre
379 1322 484 1400 absque
497 1323 575 1393 ‘que’
588 1323 740 1377 additione.
776 1319 872 1379 Cicero
887 1324 917 1378 in
927 1325 1095 1397 Protagora:
1122 1341 1206 1403 quae

97 1403 202 1488 igitur
219 1411 326 1488 potest
343 1424 413 1468 esse
429 1401 604 1488 indignitas
623 1403 797 1487 voluptatis
815 1403 858 1467 ad
875 1404 1068 1480 molestiam,
1092 1404 1153 1468 nisi
1171 1405 1206 1468 in

98 1487 327 1573 magnitudine
346 1499 401 1552 ant
417 1487 617 1572 longitudine
636 1487 765 1552 alterius
784 1487 887 1553 utrius
905 1489 1029 1573 posita?
1053 1493 1205 1551 Priscia-

97 1587 163 1624 nus
175 1569 213 1640 V,
226 1569 270 1638 12,
283 1571 324 1624 64.
338 1569 374 1624 cf.
387 1569 438 1640 VI,
452 1571 477 1640 7,
489 1571 532 1624 35.

164 1641 198 1706 4.
221 1645 263 1700 sic
272 1648 290 1716 (ί
296 1647 448 1717 compluria
453 1648 471 1716 ¹)
479 1651 595 1718 veteres,
609 1648 683 1719 quod
693 1646 781 1702 nostri
792 1647 906 1718 dempta
918 1648 1028 1720 syllaba
1040 1648 1204 1721 ‘complura'

98 1732 206 1787 dicunt.
244 1728 613 1804 sicCiceroinProtagora:
635 1727 843 1792 confirmandi
870 1751 990 1815 genera
1016 1729 1203 1814 compluris,

98 1809 185 1864 eredo
196 1808 265 1890 quia
275 1812 383 1864 veteres
399 1808 568 1930 ‘hocssplure’
584 1826 640 1864 non
656 1810 722 1864 ‘hoc
737 1810 812 1881 plus'
830 1810 978 1872 dicebant,
1003 1810 1158 1868 Donatus
1173 1812 1204 1866 in

98 1877 230 1933 Terentii
239 1876 352 1932 Phorm.
364 1876 416 1947 IV,
428 1878 453 1947 3,
485 1917 491 1930 .

455 2031 508 2086 III.
543 2031 596 2086 DE
613 2031 706 2089 IURE
725 2029 853 2090 CIVILI.

161 2115 238 2174 Vide
248 2115 303 2172 sol.
315 2115 395 2173 VIII.
407 2134 436 2187 p.
449 2117 509 2172 312.

474 2270 526 2328 IV.
560 2271 614 2327 DE
631 2273 827 2332 AUGURIIS.

165 2361 195 2424 1.
219 2365 350 2435 equidem
365 2365 506 2421 adsentior
523 2363 553 2420 C.
571 2367 704 2423 Marcello
719 2369 813 2439 potius
829 2384 913 2438 quam
929 2367 985 2438 Ap.
1004 2365 1133 2436 Claudio,
1154 2369 1203 2439 qui

97 2442 183 2498 ambo
193 2442 251 2496 mei
263 2441 388 2512 collegae
404 2441 531 2513 fuerunt,
549 2445 728 2514 existimoque
739 2445 783 2497 ius
795 2461 832 2497 au
934 2484 941 2512 ,
958 2443 1011 2497 etsi
1027 2443 1203 2498 divinationis

96 2511 231 2582 opinione
243 2510 422 2566 constitutum
434 2511 483 2580 sit,
499 2515 594 2566 tamen
609 2517 708 2633 {ostes
719 2511 830 2592 reipub
853 2527 903 2564 cae
916 2527 999 2565 causa
1012 2515 1204 2567 conservatum

1 2583 2 2588 ’
98 2583 293 2634 acretentum.
328 2579 379 2633 sed
395 2580 431 2634 de
447 2579 501 2635 hoc
517 2579 579 2635 loco
594 2597 677 2651 pura
692 2579 1048 2648 inausnunchactsnus.
1085 2577 1204 2634 Cicero

99 2649 136 2703 de
148 2647 266 2704 divinat.
278 2647 317 2716 II,
330 2647 365 2702 75
376 2664 417 2719 sq.

165 2720 198 2784 2.
221 2725 283 2779 dies
299 2729 343 2779 est
356 2725 468 2796 plenus,
486 2725 534 2795 qui
549 2725 636 2780 habet
650 2725 733 2780 horas
748 2723 849 2796 viginti
865 2727 992 2795 quatuor.
1024 2741 1090 2779 nam
1106 2729 1135 2780 et
1149 2742 1204 2780 nox

100 2819 166 2872 pars
178 2801 237 2856 diei
249 2805 299 2856 cst
324 2801 440 2856 dicimus
452 2808 546 2872 autem
557 2802 632 2857 diem
643 2819 661 2856 a
672 2806 752 2873 parte
764 2800 885 2883 meliore.
908 2801 1021 2857 undeet
1031 2819 1097 2856 usus
1109 2807 1204 2926 eslhut

99 2871 162 2926 sine
174 2871 433 2926 commemoratione
448 2871 537 2925 noctis
549 2887 692 2926 numerum
704 2870 828 2925 dicamus
840 2870 954 2925 dierum.
979 2871 1026 2925 hic
1037 2876 1131 2925 autem
1163 2870 1203 2925 'es

101 2939 256 2994 secundum
266 2938 424 3010 Aegyptios
435 2937 548 2994 inchoat
559 2939 595 2993 ab
611 2957 712 2994 occasu
727 2939 801 3004 solis,
818 2939 968 2994 secundum
980 2939 1081 2994 Persas
1093 2939 1129 2994 ab
1142 2945 1204 2994 ortu

100 3007 177 3078 solis,
194 3007 347 3062 secundum
362 3007 493 3062 Etruscos
509 3011 538 3062 st
553 3007 738 3062 Athenienses
755 3023 773 3062 a
788 3011 867 3062 sexta
881 3007 950 3061 hora
966 3006 1035 3076 diei,
1053 3007 1204 3060 secundum

102 3075 243 3130 Romanos
255 3093 274 3130 a
284 3075 379 3130 media
388 3081 477 3130 nocte.
506 3076 576 3131 haec
588 3082 681 3131 autem
711 3075 774 3130 lene
787 3075 945 3158 exsequitur
956 3080 985 3128 et
997 3072 1094 3129 Cicero
1105 3073 1135 3128 in
1145 3073 1203 3128 Au·

184 3143 194 3158 '
266 3148 296 3200 et
310 3143 399 3226 Aulus
412 3141 519 3200 Gellius
533 3143 563 3198 in
579 3145 657 3199 libris
668 3093 798 3201 Nllctium
809 3143 966 3198 Atticarum
978 3141 1044 3212 (III,
1056 3142 1082 3212 2,
1096 3142 1111 3196 7
1123 3146 1203 3213 sqq.).

78 3249 85 3255 -
133 3213 244 3268 errius
257 3213 295 3268 ad
306 3213 385 3284 Virg.
397 3212 469 3267 Aen.
483 3212 519 3282 V,
532 3213 591 3268 738.

169 3284 200 3348 3.
222 3289 296 3344 ‘asi’
308 3287 404 3344 Cicero
417 3289 453 3343 de
465 3288 601 3360 auguriis:
615 3283 763 3348 omnibus
786 3283 839 3349 avi
856 3283 987 3350 incerta.
1028 3283 1203 3343 Charisius

102 3366 151 3434 (de
162 3365 279 3421 ablativi
291 3364 388 3434 forma)
400 3384 428 3437 p.
441 3365 484 3420 98.
496 3365 529 3419 Ρ.
542 3383 570 3436 p.
584 3366 643 3436 122,
655 3367 690 3420 22
700 3365 776 3421 Keil.

167 3438 201 3502 4.
223 3459 308 3498 oscen
319 3457 455 3514 augurum
467 3443 636 3498 consuetudo
649 3442 725 3496 dicit.
762 3441 859 3497 Cicero
870 3446 973 3512 tamen,
984 3440 1075 3514 inquit
1086 3440 1204 3515 Plinius,

102 3535 133 3585 et
143 3528 191 3584 hie
208 3522 326 3588 oscinis
344 3527 421 3582 dixit.
457 3526 549 3583 Idem
559 3544 588 3598 p.
601 3527 661 3583 112.
672 3527 748 3599 Pap.
762 3527 964 3597 139,11.Keil.

492 3697 529 3754 V.
563 3697 817 3757 HORTENSIUS.

168 3803 261 3858 Huius
274 3801 378 3874 dialogi
384 3817 524 3885 personae
539 3801 675 3872 praeteri
697 3819 756 3856 sum
773 3799 934 3858 Ciceronem
953 3801 1066 3856 fuerumt
1082 3799 1205 3880 Catulus,

104 3871 250 3940 Lucullus,
262 3869 425 3924 Hortensius
456 3869 556 3941 quibus
572 3868 643 3923 falso
655 3821 781 3924 aIditum
797 3887 857 3926 esse
870 3887 887 3926 a
898 3869 1009 3926 Nobbio
1022 3867 1055 3932 Q.
1068 3866 1207 3920 Luaihum

105 3939 227 3996 Balbum
239 3938 334 3992 docuit
343 3911 462 3993 Krisclse
473 3939 557 3993 ‘iiber
569 3937 687 3993 Cicero’s
698 3937 889 3993 Akademika’
900 3956 928 4009 p.
939 3939 964 3992 5.
974 3955 1001 3990 n.
1026 3950 1117 4014 sermo
1128 3933 1206 3988 habi·

102 4017 150 4064 tus
160 4007 278 4080 fingitur
282 4011 346 4062 ante
354 4023 457 4062 annum
465 4024 493 4062 u.
499 4023 523 4061 c.
529 4006 599 4076 694,
621 4024 658 4062 uo
664 4005 777 4060 Catulus
786 4013 909 4060 mortuus
919 4009 973 4070 est3
986 4007 1105 4072 scnptus
1114 4007 1207 4056 autem

105 4077 217 4132 sidem
229 4092 254 4130 a.
266 4075 368 4148 utos.
391 4092 476 4130 unum
487 4075 588 4130 librum
633 4075 695 4146 sse,
707 4092 761 4130 non
774 4077 828 4128 duo
840 4074 888 4128 vel·
895 4073 1003 4144 plures,
1015 4076 1113 4126 utnon
1125 4069 1209 4124 nullis
