2674 4558
502 291 751 350 FRAGMENTA.
1135 273 1178 341 39

97 441 166 504 quae
181 417 281 484 facete
300 428 333 484 et
355 416 494 482 breviter
511 427 543 482 et
565 427 658 482 acute
679 414 778 480 locuti
800 438 958 492 essemus,
986 437 1025 478 ea
1047 412 1177 501 proprio

98 504 206 569 nomine
222 503 379 589 appellari
396 502 481 569 diets
499 502 677 570 voluerunt.
710 507 906 564 Macrobius
918 505 1027 562 fletum.
1044 504 1121 576 11,1‚
1134 504 1178 558 14.

370 697 413 738 AD
430 697 559 742 EUNDEM
574 697 616 738 EX
635 695 727 739 mco
744 695 887 740 monaco.

147 778 173 842 1.
191 777 221 841 2.
243 780 344 838 Cicero
360 783 398 837 cd
413 781 553 854 Nepotem
564 777 626 842 hoc
643 777 803 842 restiterat
825 776 936 852 etiam,
954 785 991 840 ut
1009 797 1028 840 a
1046 784 1078 840 te
1095 773 1178 840 fictis

94 861 269 962 adgrederer
288 861 381 926 donis
398 867 594 939 ‘regrederer’
610 867 722 940 passive
739 867 820 938 dixit,
837 866 1005 940 ἐνιδρευθιό.
1038 865 1069 922 ia
1081 866 1179 922 eodem

96 969 140 1042 qu
154 947 262 1024 babet,
284 948 371 1012 ultro
393 947 568 1044 adpetitum
594 947 651 1031 qui
673 958 722 1023 est
738 969 870 1084 pauper,
889 956 1088 1032 aspernetur,
1114 968 1177 1022 pas-

95 1047 154 1099 slve,
165 1031 362 1092 ἐξουθενοίται.
396 1029 598 1084 Priscianus
610 1029 690 1099 VIH,
702 1031 729 1099 4,
759 1031 783 1085 i.

146 1101 175 1166 3.
196 1104 294 1162 Cicero
310 1107 350 1162 cd
361 1104 518 1162 Cornelium
529 1105 667 1177 Nepotem
678 1107 714 1164 de
730 1105 982 1188 codem(0aessre1
997 1107 1039 1162 its
1055 1103 1177 1175 scripsit:

95 1185 177 1268 quid?
192 1197 359 1252 oratorum
376 1208 473 1272 quem
489 1187 565 1252 huic
583 1198 758 1272 antepones
776 1209 901 1264 eorum,
919 1187 974 1270 qui
992 1185 1072 1252 nihil
1091 1183 1178 1249 aliud

95 1273 231 1356 egerunt?
263 1273 338 1356 quis
357 1271 521 1338 sententiis
539 1283 595 1337 aut
617 1271 740 1338 sontior
757 1282 812 1337 sut
834 1271 991 1338 crebrior?
1017 1271 1089 1354 quis
1106 1292 1179 1334 ver-

95 1356 134 1422 bis
149 1368 201 1426 sut
218 1357 364 1423 ornatior
380 1368 437 1424 aut
459 1357 653 1444 elegantior?
688 1361 873 1418 Suetonius
883 1361 948 1416 Dis.
960 1361 1013 1416 Iul.
1026 1376 1051 1415 c.
1063 1361 1106 1415 55.

144 1444 173 1507 4.
193 1453 225 1503 ut
245 1447 360 1504 'Pullius
382 1465 491 1520 quoque
511 1450 594 1504 docet
617 1447 789 1504 madelitstis
812 1447 961 1518 increpans
983 1443 1129 1500 Caesarem
1148 1444 1179 1498 in

93 1533 197 1602 quadam
212 1533 404 1605 stepotem
421 1533 553 1605 epistola:
573 1549 679 1612 neque
706 1528 790 1594 enim
813 1527 990 1612 quidquam
1016 1523 1104 1590 aliud
1130 1535 1179 1590 cat

92 1611 211 1678 felicitas
228 1613 293 1678 nisi
312 1612 519 1679 honestarum
535 1636 641 1680 rerum
682 1613 850 1714 rosperitas
869 1615 930 1689 vel,
948 1623 985 1677 ut
1001 1611 1064 1676 alio
1081 1610 1177 1675 modo

92 1697 236 1777 definiam,
255 1699 394 1766 felicitas
412 1711 461 1766 eat
477 1698 617 1778 fortuna,
635 1637 774 1766 aliutrrx
787 1699 991 1765 consiliorum
1008 1697 1177 1772 bonorum,

93 1784 193 1866 quibus
211 1784 268 1870 qui
285 1806 353 1849 non
370 1785 469 1850 utitur
489 1783 568 1850 felix
586 1807 655 1851 esse
672 1785 761 1851 nullo
778 1795 873 1870 pacto
890 1795 1004 1871 potest.
1049 1805 1125 1868 ergo
1143 1783 1178 1846 in

92 1869 206 1954 perditis
227 1869 401 1957 impiisque
424 1870 577 1948 consiliis,
604 1871 721 1954 quibus
740 1869 862 1938 Cacsar
883 1893 961 1936 usus
979 1879 1062 1946 erat,
1089 1868 1178 1934 nulla

93 1955 183 2102 potuit
199 1978 270 2022 esse
289 1955 444 2032 solicitos,
467 1955 653 2040 feliciorque
676 1979 748 2022 meo
769 1957 889 2022 iudicio
907 1953 1064 2023 Camillus
1082 1975 1178 2020 exsu-

102 2062 149 2105 ans
164 2061 261 2125 quam
279 2039 480 2126 temporibus
497 2041 599 2106 isdem
617 2043 776 2120 Manlius,
795 2043 891 2108 etiam
910 2041 946 2118 si,
965 2041 999 2106 id
1017 2039 1104 2124 quod
1122 2060 1178 2103 cu·

92 2125 186 2210 pietat,
204 2149 343 2214 regnare
361 2126 526 2212 potuisset.
563 2132 763 2190 Ammianus
776 2133 926 2189 Marcell.
939 2131 1021 2202 XXI,
1034 2131 1076 2201 16,
1089 2130 1132 2184 13.

143 2211 171 2276 5.
192 2218 263 2274 baec
276 2218 392 2290 quidam
402 2222 527 2272 veterum
542 2216 723 2274 formidantes
735 2218 906 2290 cognitiones
918 2220 1029 2272 actuum
1040 2215 1179 2270 variorum

90 2291 149 2346 stilis
163 2294 340 2350 uberioribus
356 2294 507 2365 explicatas
522 2311 577 2350 non
594 2294 706 2350 edidere
722 2295 898 2366 superstites,
914 2298 947 2347 ut
961 2291 992 2348 iu
1005 2292 1126 2363 quadem
1141 2291 1179 2346 sd

91 2358 386 2502 {lqpquiffixlrfflqplqtqm
398 2362 516 2434 epistola
527 2361 636 2418 Tullius
649 2380 758 2434 quoque
769 2363 849 2418 testis
860 2361 1028 2418 reverendus
1040 2357 1176 2414 adfirmat.

285 2583 339 2640 ΙΠ.
374 2583 429 2638 ΑΙ)
448 2581 479 2640 G.
499 2581 705 2640 CAESAREM
721 2580 843 2638 EPIST.
861 2579 936 2634 LIB.
954 2579 978 2634 I.

146 2690 174 2755 1.
194 2695 233 2752 Μ.
254 2695 365 2750 'Pullius
385 2695 562 2767 epistolarum
582 2695 620 2750 ad
638 2692 784 2750 Gaesarem
800 2691 848 2747 lib.
865 2690 894 2747 1:
920 2696 1003 2763 lum,
1030 2705 1103 2751 oum
1130 2708 1178 2763 ea,

91 2794 163 2856 quae
181 2799 214 2843 es
232 2776 278 2842 ab
296 2785 408 2842 senatu
427 2796 553 2842 summo
570 2797 645 2841 cum
663 2773 783 2839 bonore
801 2785 857 2839 tuo
876 2781 1075 2840 consecutus.
1114 2776 1179 2835 No-

93 2857 155 2915 nius
165 2877 190 2916 ι.
204 2857 338 2931 consequi
348 2878 377 2931 p.
389 2859 450 2929 270,
463 2860 505 2916 15.
518 2877 544 2912 ι.
557 2858 643 2914 honor
653 2874 682 2927 p.
695 2857 746 2912 319
758 2873 798 2928 sq.

148 2931 176 2997 2.
197 2940 238 2994 Μ.
252 2936 363 2992 'l‘ullius
377 2935 408 2990 in
425 2934 543 3008 epistole
558 2936 596 2990 ad
612 2932 759 2990 Caesarem
775 2933 824 2989 lib.
842 2933 870 2989 1:
904 2926 1046 2992 Balbum
1068 2925 1181 3010 quenti

94 3017 198 3084 faciam
229 3037 392 3113 quamque
423 3015 453 3082 ei
475 3038 535 3080 ⁴me
566 3025 669 3080 totum
696 3013 884 3091 dicaverim,
920 3035 960 3078 ex
991 3013 1061 3098 ipso
1089 3012 1180 3075 scies.

95 3099 174 3156 Idem
183 3119 209 3156 r.
224 3101 319 3156 dicere
330 3117 359 3170 p.
371 3098 433 3168 287,
445 3097 488 3152 25.

149 3171 179 3236 3.
199 3175 388 3249 Epistolorom
404 3172 709 3230 cressementum:
739 3167 837 3234 debes
865 3166 971 3232 odisse
996 3161 1183 3249 improbita-

97 3257 253 3348 tensius,
274 3256 351 3340 quia
371 3253 683 3341 impudentissimum
703 3276 822 3320 nomen
840 3250 1005 3337 delegerit.
1049 3253 1180 3311 idcmv.

96 3337 394 3480 npesppapffeoqhq
407 3404 600 3476 antiqbonti.

151 3498 181 3562 4
204 3503 243 3558 Μ.
256 3501 366 3556 cuibus
378 3499 557 3574 epistolatim
568 3497 765 3556 ricemerem
780 3497 871 3554 ubl:
895 3501 931 3558 ut
949 3489 1043 3556 sciret
1065 3491 1184 3556 tuenda

97 3581 207 3650 nisime
224 3603 303 3648 curs
319 3603 388 3648 esse
406 3602 504 3665 quam
520 3591 613 3666 parts
629 3590 714 3644 suut.
749 3583 843 3638 Idem
853 3601 880 3638 v.
891 3581 965 3639 tueri
975 3600 1003 3653 p.
1016 3581 1076 3652 413,
1087 3582 1131 3638 29.

152 3668 184 3734 5.
205 3673 244 3728 Μ.
262 3671 372 3728 Tullius
392 3670 569 3744 epistolarum
593 3671 631 3726 cd
652 3669 800 3726 Gaesarem
818 3667 868 3723 lib.
884 3667 914 3724 1:
936 3663 1045 3745 itsque
1072 3681 1184 3726 vereor

97 3773 133 3818 ne
152 3753 339 3820 ferociorem
360 3775 428 3817 cum
450 3749 570 3819 faciant
590 3761 648 3816 tus
664 3761 731 3815 tam
752 3748 918 3836 praeclara
938 3747 1058 3814 iudicis
1075 3745 1115 3810 de
1133 3764 1182 3808 eo.

96 3832 182 3892 Idem
195 3855 221 3892 r.
234 3835 312 3892 ferox
322 3852 350 3907 p.
363 3835 424 3904 305,
436 3836 462 3890 5.

192 3916 245 3961 lam
254 3905 401 3975 praeclara
411 3903 507 3958 fodida
519 3903 569 3956 lelo'
580 3900 665 3959 Nonii
677 3901 757 3957 codd.

156 3993 187 4058 6.
206 3999 247 4054 ιι.
264 3997 378 4064 ‚umus
396 3997 427 4052 ro
447 3995 572 4068 epistolis
592 3996 629 4050 ac
651 3993 798 4052 saccom
817 3993 867 4050 uo.
884 3992 912 4048 ιι
949 3983 1036 4068 quod
1058 3958 1186 4068 copien-

98 4085 142 4142 tes
157 4078 299 4144 homines
317 4097 355 4142 ac
371 4075 447 4142 boni
464 4085 587 4164 putant.
622 4078 715 4136 Idem
730 4098 755 4136 r.
768 4084 866 4152 putare
878 4094 907 4148 p.
919 4076 980 4146 369,
992 4076 1035 4132 30.
1082 4134 1085 4140 ,
