2674 4558
157 249 199 316 80
501 262 540 318 M.
558 261 695 320 TULLII
713 259 912 320 CICERONIS

156 385 288 452 nissima
314 395 422 452 autem
449 385 533 451 dona
559 407 636 452 aves
664 396 697 450 et
726 385 849 452 formae
876 387 917 451 ab
944 408 1009 452 uuo
1036 386 1160 472 pictore
1195 408 1265 450 uno

128 471 323 542 ,absolutae
350 471 417 548 die,
447 471 587 555 itemque
614 480 720 538 cetera
749 471 845 536 huius
873 473 1012 557 exempli
1038 472 1122 537 dona
1151 485 1265 537 sunto.

155 553 226 608 haec
238 551 281 608 illi
292 553 412 626 placant.
450 551 570 608 Cicero
581 552 618 608 dc
628 551 705 625 legg.
719 553 757 623 H,
769 554 812 608 45.

477 743 508 808 d.
551 767 592 808 nx
609 765 758 810 euasurus
775 766 930 809 rsannuo.

221 865 251 930 1.
274 871 325 926 sed
335 870 360 926 si
371 869 461 942 qualis
473 870 511 924 ait
521 868 629 924 animus
640 869 702 941 ipse
714 868 822 924 animus
834 869 948 940 nesciet,
959 869 1013 941 dic,
1023 886 1135 941 quaeso,
1148 886 1188 926 nc
1201 887 1265 926 esse

153 948 269 1017 quidem
280 964 310 1003 se
321 947 404 1014 sciet,
420 963 456 1003 ne
472 946 576 1002 moveri
591 945 705 1016 quidem
718 945 767 1002 se?
790 961 824 1002 cx
840 962 896 1016 quo
912 947 963 1002 illa
973 948 1046 1004 ratio
1056 953 1124 1003 nata
1136 953 1184 1003 est
1194 948 1265 1002 Pla-

154 1016 240 1085 tonis,
257 1032 328 1086 quae
344 1032 363 1070 a
378 1014 492 1072 Socrate
509 1020 551 1070 est
566 1015 594 1069 in
605 1015 735 1070 Phaedro
753 1019 791 1086 (p.
804 1016 865 1072 245.
883 1017 927 1072 ed.
946 1016 1053 1088 Steph.)
1070 1017 1227 1088 explicata,
1246 1034 1265 1070 a

154 1108 199 1146 mc
216 1097 309 1148 autern
329 1092 422 1164 posita
443 1097 486 1148 est
506 1092 537 1147 in
553 1096 630 1148 sexto
650 1092 722 1148 libro
739 1091 773 1162 (ᾗ.
786 1091 820 1147 27
833 1097 886 1162 squ
903 1094 939 1149 ds
955 1094 1122 1166 republica.
1195 1089 1265 1154 uod

156 1195 282 1257 semper
302 1183 449 1238 movetur
476 1184 640 1236 aeternum
662 1183 725 1246 est,
752 1171 839 1255 quod
866 1184 973 1238 autem
999 1184 1122 1238 motum
1151 1108 1263 1239 adfert

155 1257 251 1323 alicui
269 1257 419 1342 quodque
436 1258 540 1346 ipsum
559 1256 699 1343 agitatur
720 1257 864 1335 aliunde,
891 1259 1021 1344 quando
1042 1259 1140 1324 finem
1159 1259 1263 1324 habet

156 1354 276 1420 motus,
312 1342 439 1408 vivendi
470 1341 568 1407 finem
599 1342 716 1408 habeat
745 1365 877 1409 necesse
910 1355 967 1410 est.
1021 1345 1124 1410 solum
1156 1344 1262 1430 igitur

154 1428 243 1512 quod
260 1451 294 1493 se
316 1429 422 1514 ipsum
444 1439 567 1505 movet,
591 1428 667 1511 quia
688 1450 865 1513 numquam
883 1429 1040 1495 deseritur
1057 1453 1077 1494 a
1094 1452 1144 1507 se,
1163 1452 1264 1494 num·

156 1536 252 1598 quam
274 1537 315 1579 ne
337 1514 459 1579 moveri
485 1513 615 1598 quidem
641 1515 771 1590 desinit3
797 1515 995 1597 quinetiam
1017 1515 1157 1591 ceteris‚.
1173 1536 1262 1598 quae

156 1610 337 1675 moventur,
361 1599 518 1675 hiesum,
540 1597 602 1664 hoc
623 1599 814 1684 principium
832 1610 880 1663 est
902 1598 1060 1664 movendi.
1105 1599 1263 1686 principii

155 1694 262 1749 autem
293 1684 381 1749 nulla
413 1696 462 1750 est
492 1685 596 1770 origo:
632 1706 707 1748 nam
733 1705 751 1748 e
777 1683 932 1769 principio
959 1683 1104 1748 oriuntur
1135 1686 1261 1756 omnia,

155 1770 261 1855 ipsum
280 1780 386 1835 autem
399 1771 489 1835 nulla
502 1793 543 1836 ex
560 1791 595 1834 re
612 1769 675 1834 alia
692 1769 780 1832 nasci
797 1779 918 1853 potest:
937 1791 997 1834 nec
1014 1770 1099 1835 enim
1117 1781 1207 1835 esset
1226 1771 1261 1834 id

153 1855 360 1940 principium,
379 1856 466 1940 quod
506 1855 667 1940 ’gneretur
684 1853 827 1932 aliunde3
846 1855 934 1937 quod
952 1855 979 1920 si
996 1877 1174 1938 numquam
1194 1857 1261 1919 ori-

153 1957 216 2018 tur,
234 1965 275 2006 ne
289 1942 405 2006 occidit
423 1877 552 2024 quiddam
570 1959 734 2022 umquam.
761 1961 836 2004 nam
854 1940 1045 2026 principium
1060 1941 1260 2006 exstinctum

155 2049 214 2092 nec
233 2027 339 2112 ipsum
358 2027 399 2091 ab
418 2026 479 2091 alio
497 2034 681 2089 renascetur
697 2045 757 2089 nec
775 2047 865 2091 exse
883 2026 971 2090 aliud
989 2026 1119 2103 creabit,
1138 2026 1165 2090 si
1184 2027 1262 2110 qui·

153 2113 228 2176 dem
254 2135 385 2178 necesse
411 2123 459 2177 est
481 2134 500 2174 a
521 2108 677 2194 principio
699 2109 774 2174 oriri
799 2110 915 2175 omnia.
963 2112 1009 2175 ita
1030 2111 1066 2175 fit
1088 2122 1125 2175 ut
1145 2123 1260 2176 motus

67 2201 69 2204 ’
153 2198 344 2284 principium
367 2219 407 2262 ex
430 2217 468 2262 eo
491 2195 546 2272 sit,
570 2194 657 2278 quod
679 2195 785 2281 ipsum
803 2218 823 2260 a
841 2219 875 2261 se
898 2207 1059 2274 movetur3
1086 2197 1121 2260 id
1143 2208 1259 2262 autem

153 2304 213 2347 nec
230 2283 321 2349 nasci
337 2293 441 2368 potest
457 2301 517 2346 uec
534 2279 625 2357 mori,
643 2282 695 2346 vel
712 2281 859 2346 concidat
875 2303 970 2348 omne
989 2283 1114 2348 caelum
1131 2283 1258 2347 omnis·

153 2391 217 2452 que
235 2380 349 2434 natura
367 2379 399 2432 et
421 2365 572 2431 consistat
589 2387 719 2432 necesse
737 2378 787 2431 cst
807 2389 867 2432 nec
884 2368 950 2433 vim
968 2368 1066 2432 ullam
1084 2368 1256 2433 nancisca-
1330 2381 1331 2448 t

153 2466 215 2531 tur,
234 2475 299 2538 quo
315 2475 335 2516 a
352 2453 454 2537 primo
472 2451 600 2536 inpulsa
617 2463 793 2518 moveatur.
822 2475 895 2518 cum
908 2465 1017 2538 pateat
1033 2453 1132 2540 igitur
1150 2465 1258 2518 aeter·
1330 2459 1331 2490 ¹

152 2562 231 2604 num
248 2539 282 2603 id
305 2559 389 2614 esse,
416 2537 541 2621 quoda
564 2559 598 2602 se
623 2537 694 2623 ipso
717 2549 897 2616 moveatur,
924 2540 995 2623 quis
1018 2551 1067 2604 est
1090 2536 1146 2622 qui
1167 2538 1256 2604 hanc

149 2636 299 2692 naturam
327 2622 440 2688 animis
467 2645 538 2690 esse
565 2623 718 2688 tributam
745 2624 861 2710 neget?
887 2624 1064 2690 inanimum
1091 2635 1139 2690 est
1165 2625 1257 2688 enim

106 2793 107 2796 Ἴ
153 2731 261 2786 omne,
283 2708 370 2792 quod
387 2709 483 2793 pulsu
501 2709 640 2795 agitatur
657 2719 788 2776 externo
793 2734 803 2786 3
826 2710 913 2792 quod
930 2722 1038 2776 autem
1056 2720 1105 2776 est
1122 2709 1255 2785 animal,

151 2793 185 2859 id
202 2804 291 2857 motu
309 2793 411 2859 cietur
427 2795 574 2860 interiore
592 2807 625 2859 et
643 2817 700 2859 suo
705 2819 715 2872 3
734 2818 809 2859 nam
827 2794 907 2860 haec
924 2806 973 2861 est
990 2796 1118 2882 propria
1135 2807 1255 2860 natura
1329 2825 1330 2859 3

151 2878 249 2946 animi
267 2889 363 2962 atque
380 2879 445 2956 vis,
467 2900 550 2962 quae
573 2880 600 2944 si
623 2892 672 2946 est
693 2902 759 2944 una
780 2903 820 2944 ex
838 2881 1002 2958 omnibus,
1025 2902 1161 2966 quaese
1179 2882 1255 2966 ipsu

152 2977 295 3041 moveat,
321 2987 427 3049 neque
448 2977 525 3030 nata
546 2975 631 3030 certe
653 2975 755 3030 estet
781 2976 909 3030 aeterna
931 2978 989 3032 est
1034 2969 1153 3027 Cicero
1164 2971 1252 3026 Tuae.
1328 3023 1329 3026 ,

152 3050 223 3121 disp.
236 3047 260 3119 1,
272 3049 307 3104 53
319 3065 359 3120 sq.

216 3139 247 3204 2.
269 3143 405 3198 Isocrates
424 3143 534 3198 videtur
552 3141 710 3198 testimonio
730 3142 856 3196 Platonis
881 3144 998 3199 aliorum
1021 3143 1126 3198 iudicia
1146 3143 1251 3198 debere
1328 3130 1329 3151 ¹

151 3228 340 3276 contemnere:
361 3225 403 3275 cst
422 3221 509 3289 enim,
529 3223 561 3272 ut
576 3219 644 3289 scis,
665 3219 745 3290 quasi
760 3220 790 3274 in
806 3224 928 3276 extrema
947 3221 1052 3294 pagina
1067 3219 1193 3275 Phaedri
1210 3223 1248 3290 (p.

150 3299 256 3366 278sq.
274 3298 318 3352 ed.
341 3296 448 3368 Steph.)
468 3297 513 3350 his
528 3297 597 3368 ipsis
616 3296 710 3352 verbis
730 3295 847 3367 loquens
868 3295 1008 3354 Socrates:
1045 3292 1250 3357 ‘adulescens

150 3378 248 3444 etiam
265 3401 362 3453 nunc,
380 3377 572 3454 oPhaedre,
589 3377 745 3443 Isocrates
764 3389 826 3456 est3
845 3379 901 3444 sed
919 3378 996 3463 quid
1014 3378 1054 3443 de
1073 3378 1127 3442 illo
1145 3397 1250 3460 augu-

150 3486 216 3538 rer,
243 3464 322 3527 libet
343 3463 469 3528 dicere!
513 3463 606 3547 ‘quid
628 3464 791 3530 tandemi'
809 3469 967 3540 inquitille.
994 3463 1143 3540 fmaiore
1169 3459 1250 3526 mihi

150 3548 280 3634 ingenio
298 3548 525 3626 videturesse,
548 3571 645 3633 quam
663 3559 698 3614 ut
717 3570 791 3614 cum
808 3550 1005 3616 orationibus
1022 3547 1142 3633 Lysiae
1161 3566 1249 3612 ccm-

150 3645 296 3720 paretur3
327 3644 492 3719 praeterea
518 3634 560 3699 ad
586 3635 736 3702 virtutem
762 3635 866 3701 maior
891 3634 1030 3711 indoles,
1056 3645 1093 3698 ut
1118 3631 1250 3699 minima

149 3721 267 3803 mirmn
289 3719 434 3784 futurum
455 3720 510 3796 sit,
537 3721 578 3797 si,
605 3743 679 3786 cum
702 3732 807 3787 aetate
827 3720 1031 3807 processerit,
1055 3729 1110 3784 aut
1132 3717 1167 3782 in
1189 3717 1251 3782 hoc

150 3806 330 3869 orationum
347 3826 475 3890 genere,
493 3805 546 3872 cui
562 3827 648 3871 nuuc
666 3806 781 3882 studet,
799 3817 939 3884 tantum,
957 3815 1114 3890 quantum
1131 3803 1249 3890 pueris,

152 3890 282 3974 reliquis
298 3901 438 3974 praestet
455 3889 619 3968 omnibus,
642 3892 698 3975 qui
719 3914 873 3975 umquam
891 3893 1048 3958 orationes
1066 3891 1250 3974 attigerunt,

150 3987 223 4050 aut,
250 3974 278 4040 si
298 3987 466 4042 contentus
489 3976 538 4041 his
559 3997 625 4042 non
646 3976 759 4054 fuerit,
788 3977 894 4042 divino
917 3978 1023 4062 aliquo
1041 3975 1139 4042 animi
1160 3986 1251 4038 motu

142 4060 273 4125 xmaiora
295 4062 513 4149 concupiscat3
538 4061 621 4130 inest
638 4063 723 4128 euim
745 4073 860 4128 natura
881 4061 1081 4148 philosophia
1102 4060 1136 4123 in
1153 4059 1249 4123 huius
