2674 4558
142 237 185 303 50
300 219 302 222 ’
487 247 526 300 M.
545 245 681 304 runnu
700 241 899 300 ciceronis

142 368 282 426 Πέλοπα
303 367 569 440 μικρολογουμένου,
594 372 640 420 καὶ
660 369 926 438 μεμψιμοιροῦντος,
949 357 1044 434 ὥσπερ
1068 358 1255 430 ἀμελήσαντα

144 446 223 514 τιμάς
239 467 316 502 τινας
332 445 408 513 αὐτῷ
426 449 472 496 καὶ
488 449 650 513 ψηφίσματα
668 441 743 512 παρὰ
758 445 918 506 Βυζαντίων
929 439 1069 512 γονέοθαιὲ
1103 437 1259 492 Plutar-

145 523 224 577 chus
237 519 293 576 Oic.
307 537 331 576 c.
343 521 386 576 24
410 519 446 576 of.
459 519 494 574 de
508 517 614 591 Gorgia
626 517 683 574 Oic.
700 519 737 572 ad
752 517 838 572 famil.
851 515 931 585 XVI,
940 515 974 568 21
993 515 1018 569 6.
1032 514 1067 569 de
1078 515 1192 570 Herode
1208 515 1259 568 ad
1328 519 1329 584 j

143 589 419 661 samarius,
433 587 683 658 ro‚a.1a,4.xv,
697 588 769 641 raa.
783 555 1185 655 reseruassemus,
1201 586 1232 636 1.
1328 601 1329 660 3

466 740 559 808 [XXI.
594 740 650 796 AD
668 737 917 796 MARCELLUM.

209 854 305 910 Cicero
329 853 366 909 ad
389 853 552 908 Marcellum
576 845 734 911 simiolum
759 850 927 905 deminutive
950 848 1026 903 dixit.
1067 846 1256 903 Charisius

145 950 173 1003 p.
186 933 229 988 84.
241 931 274 985 P.
287 949 315 1002 p.
329 931 389 1001 108,
400 931 443 984 26.
455 929 508 996 K.]
1328 939 1329 950 .

251 1009 469 1084 armatarum]
486 1019 649 1072 aenariam
660 1014 806 1070 Fabnuus
824 1015 886 1070 0011.
900 1012 956 1070 erc.
969 1014 1007 1069 aa
1022 1012 1089 1068 ram.
1101 1013 1167 1083 vn,
1181 1011 1209 1082 r,
1221 1012 1256 1068 e.

505 1291 547 1358 e.
591 1289 888 1358 FRAGMENTA
1328 1381 1329 1392 ἶ

146 1410 528 1479 urenanireaurr
545 1408 798 1476 amnentur
814 1406 1250 1476 rmuosorfloaurr.
1328 1461 1329 1535 ,

387 1580 409 1635 Ι.
445 1577 721 1635 XENOPHONTIS
740 1576 1017 1636 OEOONOMIOUS.

214 1687 243 1749 1.
264 1707 309 1745 res
325 1689 470 1745 familiaris
487 1689 583 1760 quaeri
601 1689 686 1746 debet
696 1690 730 1744 iis
742 1689 838 1760 robus,
855 1688 984 1760 aquibus
996 1688 1076 1744 abest
1090 1687 1250 1760 turpitudo,

148 1767 302 1823 conservari
318 1771 411 1822 autem
427 1767 573 1837 diligentia
588 1771 619 1822 et
633 1767 814 1837 parsimonia,
831 1767 935 1822 eisdem
948 1766 1031 1821 etiam
1042 1764 1154 1819 rebusa
1195 1763 1248 1818 cri.

147 1837 199 1890 has
214 1853 258 1890 res
275 1835 492 1916 commodissime
504 1835 661 1906 Xenophon
673 1833 829 1890 Socraticus
844 1840 1005 1905 persecutus
1018 1838 1061 1889 est
1075 1833 1106 1888 in
1117 1832 1182 1887 eoh
1203 1850 1248 1902 ro,

148 1903 196 1974 qui
209 1903 406 1960 Oeconomicus
421 1902 589 1973 inscribitur,
624 1919 689 1956 uem
703 1918 765 1972 nos,
782 1903 836 1958 ista
851 1903 910 1957 fere
927 1907 1017 1957 aetate
1035 1918 1097 1956 cum
1113 1917 1250 1969 essemus,

147 1989 250 2096 1nagge
262 1977 294 2026 tu
309 1989 395 2042 nunc,
412 1987 428 2026 e
445 1969 553 2026 Graeco
568 1971 597 2025 in
636 1970 741 2026 atinum
757 1971 947 2026 conrardum.
984 1968 1102 2025 Oicero
1118 1970 1153 2024 de
1169 1968 1247 2024 offic.
1328 1986 1329 2048 p

1328 2049 1329 2074 l

184 2082 191 2111 ³
212 2113 243 2176 2.
265 2117 366 2172 multas
387 2117 488 2172 adres
507 2117 641 2187 perutiles
661 2116 855 2186 Xenophontis
875 2116 940 2171 libri
960 2121 1036 2184 sunt,
1060 2131 1128 2187 quos
1148 2113 1248 2186 legite,
1328 2165 1329 2190 ,

148 2210 250 2264 quaeso
272 2193 407 2262 studiose,
423 2197 455 2247 nt
471 2193 571 2249 facitis.
608 2209 690 2263 quam
703 2193 812 2273 copiose
825 2193 907 2248 abeo
919 2193 980 2264 agri
997 2194 1104 2247 cultura
1114 2191 1250 2246 laudatur
1328 2193 1329 2196 ’

146 2263 177 2317 in
189 2279 222 2317 eo
233 2235 313 2331 libro,
330 2261 378 2332 qui
390 2265 432 2316 est
444 2261 479 2317 de
493 2262 597 2315 tuenda
607 2279 639 2316 re
650 2260 789 2330 famihari‚
807 2261 855 2342 qui
868 2261 1066 2318 Oeconomicus
1077 2259 1246 2315 inscribitur.
1328 2275 1329 2302 ³

148 2336 232 2401 atque
248 2335 280 2384 ut
294 2330 465 2412 intellegatis
482 2329 551 2385 nihil
568 2330 595 2383 ei
610 2335 668 2384 tam
682 2330 778 2400 regale
795 2330 883 2384 ruderi
895 2345 978 2400 quam
994 2331 1115 2384 studium
1127 2328 1188 2398 agri
1201 2344 1246 2382 co-

147 2400 236 2470 lendi,
259 2398 385 2454 Socrates
400 2417 430 2452 in
446 2415 479 2452 eo
498 2398 569 2452 libro
585 2399 706 2480 loquitur
725 2415 788 2452 cum
805 2395 960 2468 Critobulo,
983 2395 1086 2469 Ογτιιιο
1102 2396 1245 2463 minorem,

147 2467 296 2522 Persarum
307 2483 413 2550 regem,
423 2471 611 2538 praestantem
622 2466 734 2538 ingenio
743 2471 826 2547 atque
838 2466 1053 2588 imperiigloria,
1066 2483 1128 2520 cum
1136 2465 1245 2546 Lysan-

149 2538 199 2590 der
209 2537 460 2605 Lacedaemonius,
475 2536 518 2590 vir
529 2551 651 2590 summae
662 2536 784 2604 virtutis,
796 2535 917 2588 venisset
927 2551 945 2588 a
981 2551 1045 2589 eum
1057 2533 1151 2590 Sardis
1164 2549 1246 2602 eique

149 2607 222 2660 dona
234 2622 251 2658 a
263 2605 344 2658 sociis
362 2605 512 2674 attulisset,
529 2609 558 2658 et
570 2603 668 2658 ceteris
679 2603 709 2658 in
719 2603 802 2658 robus
815 2620 920 2658 comem
932 2619 1000 2674 erga
1015 2603 1192 2684 Lysandrum
1203 2608 1244 2656 at-

149 2689 203 2742 que
214 2673 363 2727 humanum
374 2671 459 2726 fuisse
469 2677 498 2726 et
512 2673 540 2726 ei
551 2673 688 2742 quendam
701 2676 877 2742 consaeptum
890 2684 988 2742 agrum
999 2671 1147 2742 dilgenter
1157 2670 1247 2724 consi-

148 2746 208 2794 tum
219 2741 384 2808 ostendisse,
400 2756 464 2794 cum
474 2745 567 2794 autem
579 2741 760 2796 admiraretur
770 2741 957 2811 Lysanderet
973 2739 1152 2810 proceritates
1164 2739 1243 2794 arbo-

148 2825 210 2860 rum
234 2811 262 2860 et
284 2808 409 2861 derectos
428 2807 458 2860 in
479 2807 660 2877 quincuncem
680 2809 790 2863 ordines
811 2813 839 2862 et
860 2808 975 2864 humum
997 2807 1141 2864 subactam
1160 2811 1245 2878 atquc

148 2891 248 2946 puram
268 2880 297 2929 et
316 2875 479 2929 suavitatem
499 2876 626 2942 odorum,
648 2877 696 2946 qui
716 2877 886 2932 adderentur
906 2877 1086 2947 ardoribus,
1106 2883 1166 2932 turn
1182 2894 1244 2932 eum

150 2944 251 2997 dixisse
262 2943 356 2996 mirari
368 2959 398 2996 se
409 2960 465 2997 non
475 2944 557 2998 modo
567 2944 748 3016 diligentiam,
762 2947 811 3000 sed
823 2947 907 3000 etiam
920 2947 1068 3001 sollertiam
1081 2946 1149 3014 eius,
1161 2962 1178 3000 a
1190 2962 1245 3016 quo

150 3017 242 3066 essent
256 3011 305 3066 illa
321 3010 445 3066 dimensa
457 3016 540 3082 atque
557 3012 701 3084 discripta,
719 3019 747 3068 et
759 3013 861 3084 Cyrum
876 3015 1064 3085 respondisse:
1088 3016 1177 3082 ‘atqui
1190 3031 1244 3084 ego

148 3082 204 3135 ista
215 3098 276 3134 sum
287 3080 378 3134 omnia
389 3081 540 3148 dimensus,
552 3080 608 3134 mei
619 3087 682 3135 sunt
693 3082 811 3150 ordines,
820 3099 882 3136 mea
891 3083 1041 3154 discriptio,
1046 3083 1147 3136 multae
1160 3081 1243 3136 etiam

149 3150 264 3204 istarum
279 3150 412 3230 arborum
431 3164 494 3228 mea
509 3165 593 3202 manu
608 3154 673 3230 sunt
692 3151 786 3204 satae)
820 3155 880 3204 turn
895 3151 921 3204 L
942 3152 1071 3206 sandrum
1090 3151 1243 3204 intuentem

149 3221 424 3356 iliiiiiigeiisii
434 3221 552 3338 aliti}
564 3218 1242 3357 etatut‘ttttjtetimithi

149 3353 244 3405 virtuti
255 3357 320 3406 tuae
332 3353 442 3408 foruma
454 3352 599 3408 coniuncta
611 3351 670 3408 est’
694 3352 811 3409 Cicero
824 3356 859 3409 de
871 3359 973 3412 senect.
987 3355 1010 3426 ἓ.
1034 3356 1059 3410 9.
1073 3327 1109 3410 ci.
1145 3356 1241 3426 enoph.

151 3421 252 3474 Oecon.
266 3438 289 3474 o.
301 3422 328 3490 4,
339 3423 450 3476 20—25.

215 3491 614 3554 {aerumnosarum
650 3492 744 3558 homo
772 3517 812 3559 ex
844 3517 882 3560 eo
908 3517 1041 3560 numero
1068 3494 1241 3570 hominurn,

150 3576 207 3660 qui
224 3576 310 3662 apud
327 3599 386 3641 nos
403 3577 465 3641 hoc
481 3578 610 3644 nomine
628 3579 812 3663 dignantur,
837 3583 991 3652 ἀξιοῦνται,
1013 3585 1137 3658 passive.
1173 3585 1242 3640 Pri-

151 3657 415 3730 scianusVlll,4,
428 3660 470 3714 19.
486 3661 617 3731 Xenoph.
631 3660 732 3716 Oecon.
747 3678 770 3716 e.
785 3662 810 3731 6,
824 3663 867 3717 12.

214 3731 246 3794 4.
270 3733 407 3791 Oiosroin
420 3735 616 3792 Oeconomico:
651 3732 728 3814 quid
750 3732 862 3818 igitur,
887 3755 945 3818 pro
964 3734 1061 3800 deum
1083 3733 1245 3798 immorta-

150 3816 240 3892 lium,
250 3814 388 3901 primum
402 3839 473 3882 eam
486 3817 635 3895 docebas,
645 3819 784 3901 quaeso?
801 3823 956 3879 Donatus
967 3825 997 3879 in
1009 3825 1122 3880 Terent
1135 3823 1244 3880 Phorm.

151 3901 177 3968 2,
189 3901 215 3968 3,
226 3899 252 3954 4.
265 3898 394 3969 Xenoph.
408 3899 509 3954 Oecon.
524 3917 548 3954 c.
562 3901 587 3970 7,
599 3901 625 3954 9.

179 4038 182 4042 ,
215 3970 247 4034 5.
268 3975 425 4046 Xenophon
440 3976 619 4031 Atheniensis
635 3992 668 4030 co
684 3976 769 4046 libro,
795 3978 843 4047 qui
860 3977 1059 4033 Oeconomicus
1078 3975 1243 4046 inscribitur,

149 4051 274 4123 prodidit
285 4052 411 4109 maritale
424 4052 581 4128 coniugium
598 4051 639 4107 sic
651 4059 839 4124 comparatum
852 4071 912 4108 esse
923 4059 1036 4124 natura,
1052 4058 1083 4108 ut
1095 4070 1149 4107 non
1161 4053 1244 4107 solum
1326 4123 1327 4135 χ
