2674 4558
498 257 749 318 FRAGMENTA
1129 243 1171 310 23

96 381 184 451 Muci:
205 393 389 469 perseveret
409 383 515 467 legem
537 383 696 468 inpedire,
719 393 755 446 ut
772 383 878 468 coepit
899 395 1027 448 senatus
1046 381 1173 446 consul-

95 485 163 546 tun3
183 469 239 533 sed
255 490 318 553 ego
337 490 378 534 ea
392 467 465 553 lege
483 479 651 535 contentus
670 490 751 544 sum,
769 489 834 552 qua
852 467 933 533 duos
950 469 1097 534 consules
1114 467 1171 534 de·

92 555 216 640 signatos
233 575 298 618 uno
318 565 461 639 tempore
479 551 625 618 damnari
641 553 790 618 vidimus.

177 657 257 724 leym
275 654 449 723 Colpumiom
463 653 606 724 siqaifieat,
628 670 708 723 quam
725 653 753 707 C.
768 653 928 722 Calpurnius
939 655 1002 710 Piso
1018 663 1079 708 aute
1094 655 1173 708 trisu-

133 723 199 776 m'um
213 725 245 776 de
260 724 362 776 ambitu
377 724 481 776 tulerat.
515 723 585 792 quod
605 731 692 774 autem
716 723 777 776 dicit
796 723 934 776 damnum
954 739 1010 777 esse
1028 724 1173 790 camuros

132 791 256 858 musulss,
272 793 305 845 P.
319 792 424 845 Sullam
440 800 464 843 et
478 791 510 844 P.
523 791 693 857 Autronium,
710 791 741 843 de
756 791 848 860 quibus
863 791 917 844 iam
928 792 1052 858 iluimus,
1068 793 1123 843 uult
1133 790 1173 842 ia-

131 861 212 928 tellipi.
236 875 380 929 aequamen
392 867 477 912 autem
485 857 610 920 Q.Mucie
623 859 735 926 tribuno,
748 875 824 930 quem
835 859 960 927 nominat,
971 858 1172 926 suitOrestiuus.

144 945 229 1011 toa.
253 958 354 1030 atque
372 957 408 1010 ut
425 945 523 1010 istum
542 945 701 1022 omittam,
718 945 752 1010 in
770 946 912 1012 exercitu
930 944 1063 1012 Sullano
1081 969 1173 1032 prae-

91 1033 205 1108 donem,
221 1031 255 1096 in
273 1031 409 1096 introitu
425 1031 649 1116 gladiatorem,
671 1030 706 1094 in
723 1031 857 1096 victoria
873 1031 1113 1117 quadrigarium
1130 1067 1174 1078 —-

91 1117 115 1182 b.
133 1129 161 1182 te
181 1138 274 1194 vero,
304 1114 462 1193 Catilina,
488 1117 690 1181 consulatum
712 1139 840 1202 sperare
863 1127 919 1181 aut
942 1117 1082 1203 cogitare
1108 1139 1173 1182 non

90 1203 254 1304 prpdigium
281 1213 381 1302 utque
406 1211 596 1302 portentum
617 1201 684 1267 est?
720 1225 739 1266 a
766 1201 883 1285 quibus
909 1202 995 1267 enim
1021 1202 1123 1287 petis?
1154 1226 1173 1266 a

90 1289 269 1388 pnncrpibus
293 1288 452 1352 crvrtatrs?
477 1288 533 1371 qui
560 1287 633 1364 tibi,
661 1308 736 1386 cum
756 1285 797 1350 L.
817 1287 965 1353 Volcatio
991 1287 1113 1352 consuli
1139 1289 1174 1351 in

90 1373 203 1439 consrlm
223 1373 379 1450 fuissent,
401 1396 442 1438 ne
463 1373 593 1458 petendi
615 1372 744 1457 quidem
766 1381 954 1456 potestatem
972 1394 1041 1437 esee
1064 1373 1174 1437 volue-

90 1471 158 1523 runt
191 1481 218 1523 c.
238 1483 259 1524 a
277 1458 501 1524 senatoribus?
518 1458 574 1542 qui
591 1470 623 1523 te
642 1457 831 1523 auctoritate
849 1479 917 1534 sua,
936 1457 1106 1542 spoliatum
1124 1478 1173 1520 or·

90 1545 227 1609 ramentis
245 1545 414 1621 omnibus,
437 1543 580 1609 vinctum
597 1555 700 1628 paene
722 1542 884 1608 Africanis
906 1541 1085 1608 oratoribus
1110 1553 1174 1606 tra-

90 1630 229 1694 diderunt.
275 1631 309 1695 d.
337 1630 379 1694 ab
406 1629 547 1714 equestri
577 1629 707 1694 ordine?
739 1650 835 1712 quem
861 1628 1046 1694 trucidasti?
1098 1652 1125 1694 e.
1153 1651 1174 1692 a

89 1714 185 1799 plebel
211 1715 265 1782 oui
292 1714 513 1802 spectaculum
535 1713 604 1783 eius
629 1714 717 1779 modi
739 1725 796 1779 tua
818 1714 988 1780 crudelitas
1014 1714 1172 1800 praebuit,

90 1811 118 1863 ut
138 1822 228 1901 nemo
255 1801 328 1866 sine
353 1801 476 1886 gemitu
503 1822 542 1865 uo
569 1799 787 1866 recordatione
812 1800 918 1866 luctus
944 1800 1087 1886 aspicere
1113 1797 1172 1886 (te)

107 1898 181 1950 08811.

90 1906 109 1993 p*
175 1996 200 2032 u.
218 1981 250 2033 de
261 1978 380 2032 Antonio
393 1979 446 2032 dici
456 1976 622 2044 manifestum
633 1987 685 2043 est;
700 1978 746 2030 sed
756 1979 816 2032 dicit
829 1995 886 2032 eum
904 1979 943 2032 ‘ia
955 1978 1069 2031 εεεεείιε
1081 1979 1173 2031 Sullae

125 2049 293 2115 praedonetu’
302 2054 413 2116 propter
424 2048 535 2116 equitum
548 2055 654 2111 turmas,
667 2046 759 2115 qualum
765 2048 891 2100 Achaiam
902 2047 937 2099 alr
949 2063 979 2100 eo
988 2056 1107 2100 uexatum
1119 2063 1173 2098 esse

129 2115 345 2187 siqnificueimus;
366 2116 407 2168 ‘irs
422 2115 531 2167 introitu
544 2115 728 2182 plaiiatorem'
740 2116 853 2183 pertinet
869 2116 906 2168 aol
920 2115 1043 2168 inuidiam
1055 2114 1173 2184 prosari-

127 2185 227 2252 plionia,
239 2201 311 2254 quoe
323 2192 376 2235 tum
387 2182 461 2250 sacta
473 2191 525 2248 est,·
538 2184 577 2235 ‘iu
588 2182 696 2236 uictoria
709 2183 921 2253 quadm‘qarium,’
934 2185 1010 2252 quod,
1024 2200 1083 2236 cum
1095 2185 1174 2236 Sulla

129 2262 183 2320 post
194 2253 334 2306 uictoriam
347 2252 482 2306 Circenses
493 2249 600 2318 faceret,
613 2252 651 2303 ita
662 2261 689 2304 ut
700 2253 801 2304 honesti
810 2251 924 2305 laminas
936 2253 1078 2322 quadripes
1090 2253 1174 2320 auita-

130 2330 190 2389 reut,
200 2320 253 2390 fuit
265 2321 334 2373 inter
346 2337 390 2372 eos
404 2320 431 2374 C.
441 2320 578 2374 Antonius.
616 2320 637 2372 b.
655 2321 739 2388 poulo
752 2329 812 2372 ante
823 2320 941 2384 dicimus,
954 2320 1102 2386 Catilinam,
1115 2335 1174 2372 cum

131 2391 159 2442 ‹ie
167 2389 306 2459 marineio
316 2387 413 2456 Africa
425 2388 556 2442 decederet
563 2387 692 2459 petiturus
704 2390 879 2452 comulatam,
892 2395 917 2439 et
929 2388 1009 2456 leqati
1018 2386 1084 2453 Afri
1094 2388 1176 2456 questi

131 2459 159 2510 ds
168 2477 197 2512 so
207 2461 236 2512 iu
247 2465 343 2512 senatu
352 2457 467 2526 praviter
475 2455 740 2577 *ivemenosenn
748 2454 887 2524 professus
899 2455 989 2535 deinde
1000 2463 1038 2506 est
1052 2455 1174 2533 Catilina,

129 2535 211 2594 petere
225 2545 255 2580 se
272 2528 444 2578 comulatam.
479 2524 512 2577 L.
552 2526 663 2577 oleatsus
675 2524 766 2576 Tullia
783 2523 876 2575 consul
891 2523 1028 2572 constitum
1040 2521 1175 2588 publicum

131 2595 221 2662 laluit,
234 2613 274 2649 am
285 2594 412 2646 rationem
419 2592 549 2646 Catilinae
559 2593 652 2644 tabere
664 2591 771 2656 moeret,
784 2589 809 2641 si
814 2597 914 2658 peteret
925 2589 1102 2652 consulatum,-
1112 2605 1175 2640 mam

132 2665 303 2733 quaerebatur
315 2663 522 2730 repetundarum.
551 2660 666 2715 Catilina
679 2659 711 2710 alr
722 2675 779 2710 sam
791 2673 900 2710 causum
911 2657 1005 2709 destitit
1017 2657 1174 2724 aperitione.

132 2748 152 2783 s.
174 2733 287 2784 Murus
298 2730 374 2782 modo
390 2731 421 2781 de
436 2730 498 2794 lroc;
514 2745 577 2780 uam
593 2727 713 2778 iudicium
725 2743 825 2795 quoque
840 2734 954 2777 secutum
965 2725 1174 2794 repetundarum,

133 2816 150 2851 a
164 2817 213 2869 quc
229 2801 288 2868 ipse
304 2814 356 2866 per
375 2795 514 2863 infamiam
531 2794 666 2866 (iudicum)
682 2795 806 2847 liberatus
821 2801 858 2846 est
879 2793 1004 2860 Catilina,
1020 2795 1067 2846 sed
1081 2794 1131 2860 ita,
1147 2802 1176 2845 ut

132 2885 186 2920 eum
207 2875 361 2922 senatorum
382 2882 453 2917 urna
476 2865 625 2930 damnaret,
656 2863 768 2932 equitum
792 2870 816 2916 et
839 2862 1002 2915 tribunorum
1025 2863 1175 2915 absolueret.

132 2937 156 2988 d.
178 2944 296 3006 equester
307 2935 371 2987 ordo
380 2950 432 3002 pro
446 2931 573 2986 &anonis
585 2932 707 2998 partibus
723 2941 816 2984 contra
827 2932 932 2984 Sullam
942 2939 1055 2996 steterat,
1067 2932 1175 2982 multas-

133 3021 180 3073 que
186 3003 316 3073 manneus
327 3003 495 3066 abstuleram,
509 3017 540 3052 ee
551 3016 602 3068 quo
614 3000 757 3052 saecularii
766 3007 843 3051 eram
855 2998 983 3067 appellati
986 3017 998 3063 ,·
1009 2998 1132 3077 multique
1144 2998 1175 3048 oo

133 3073 184 3124 eius
195 3074 237 3126 rei
247 3072 369 3124 inuidiam
382 3077 444 3150 post
455 3069 597 3122 Sullanam
608 3067 751 3146 victoriam
760 3076 835 3148 eraut
842 3065 982 3147 interfecti.
1018 3083 1040 3117 e.
1055 3064 1176 3144 ‚imi

133 3140 202 3192 illius
214 3139 302 3193 Marii
313 3136 466 3192 &attiliani
478 3136 548 3206 quod
559 3143 638 3204 eaput
651 3143 768 3203 pastura,
780 3135 863 3188 oleat.
899 3151 949 3203 quo
962 3135 1019 3186 loco
1032 3133 1093 3186 diost
1107 3131 1177 3184 Cotr-

136 3206 589 3276 ttmmcapmmolaritqeaasse:
1074 3206 1076 3211 ’

151 3294 199 3360 15.
222 3295 311 3378 quod
327 3303 424 3378 caput
442 3291 625 3356 etiamtum
643 3288 775 3375 plenum
797 3287 921 3354 animae
940 3297 972 3352 et
989 3287 1118 3372 spiritus
1137 3287 1179 3351 ad

93 3379 209 3446 Sullam
226 3400 328 3463 usque
347 3379 388 3442 ab
405 3375 551 3441 Ianiculo
569 3375 611 3440 ad
634 3375 747 3440 aedem
765 3373 926 3459 Apollinis
944 3373 1091 3438 manibus
1108 3372 1191 3457 ipse-

93 3467 152 3530 euis
169 3465 291 3532 detulit.

187 3558 275 3610 omnia
292 3561 352 3609 suat
368 3552 523 3622 manifesta·
544 3560 675 3605 uelamen
687 3551 789 3618 erretis,
806 3550 926 3620 quoditie
938 3551 1093 3620 temporibus
1105 3552 1181 3604 aedes

138 3626 268 3696 Apollinis
283 3625 312 3677 in
323 3622 429 3678 Palatio
445 3624 478 3676 sit
489 3620 662 3687 nobilissima,
680 3620 836 3672 admonendi
845 3619 918 3685 estis,
934 3637 987 3671 mors
998 3621 1065 3672 leuno
1078 3637 1095 3673 a
1109 3620 1181 3672 Cice

137 3712 202 3747 roae
212 3692 370 3763 ammeca,
390 3699 478 3760 utpote
490 3705 569 3760 quam
582 3697 641 3757 post
656 3696 763 3740 mortem
775 3688 851 3740 etiam
865 3687 996 3740 ciramea
1007 3689 1093 3740 inulta
1104 3685 1182 3738 annm

139 3762 279 3831 imperator
294 3762 406 3827 Caesar,
440 3775 497 3811 uem
508 3774 578 3810 nunc
590 3756 675 3809 cliuum
686 3755 832 3824 Aupustum
843 3756 958 3821 dicimus,
971 3764 1034 3824 post
1044 3755 1181 3808 Actiacam

140 3831 272 3884 motorium
283 3828 383 3896 fecerit,
394 3777 524 3881 sedilium
535 3825 717 3890 demonstrari,
729 3841 796 3893 quas
807 3833 844 3876 est
855 3832 930 3876 extra
938 3833 1044 3892 portam
1058 3822 1181 3874 Carmen·

141 3901 229 3966 talem,
246 3899 313 3950 inter
328 3895 416 3964 ferum
429 3893 567 3948 Clitorium
582 3901 606 3946 et
623 3895 721 3946 arcum
737 3892 910 3957 Flaminium·
925 3908 957 3943 ea
972 3891 1039 3943 enim
1054 3888 1112 3940 sola
1129 3895 1182 3939 tum

140 3967 239 4020 donum
250 3967 352 4019 Romae
362 3963 495 4033 Apollinis
507 3963 591 4016 aedes,

156 4054 205 4132 16,
225 4054 276 4118 lt.
299 4051 378 4138 quid
394 4062 431 4118 tu
447 4061 538 4138 potes
556 4047 590 4113 in
609 4047 794 4114 defensione
812 4057 868 4112 tue
886 4043 1006 4119 dicere,
1029 4005 1116 4126 quod
1137 4041 1184 4105 illi
