<?xml version="1.0" encoding="UTF-8"?>
<!DOCTYPE html PUBLIC "-//W3C//DTD XHTML 1.0 Transitional//EN"
    "http://www.w3.org/TR/xhtml1/DTD/xhtml1-transitional.dtd">
<html xmlns="http://www.w3.org/1999/xhtml" xml:lang="en" lang="en">
 <head>
  <title>
</title>
<meta http-equiv="Content-Type" content="text/html;charset=utf-8" />
  <meta name='ocr-system' content='tesseract 3.04.00' />
  <meta name='ocr-capabilities' content='ocr_page ocr_carea ocr_par ocr_line ocrx_word'/>
</head>
<body>
  <div class='ocr_page' id='page_1' title='image "./mtulliiciceroni95cicegoog/mtulliiciceroni95cicegoog_0159.png"; bbox 0 0 2714 4554; ppageno 0'>
   <div class='ocr_carea' id='block_1_1' title="bbox 523 263 1201 334">
    <p class='ocr_par' dir='ltr' id='par_1_1' title="bbox 523 263 1201 334">
     <span class='ocr_line' id='line_1_1' title="bbox 523 263 1201 334; baseline -0.004 -3"><span class='ocrx_word' id='word_1_1' title='bbox 523 275 775 334; x_wconf 78' lang='lat' dir='ltr'><strong>FRAGMENTA.</strong></span> <span class='ocrx_word' id='word_1_2' title='bbox 1137 263 1201 329; x_wconf 85' lang='grc'>143</span> 
     </span>
    </p>
   </div>
   <div class='ocr_carea' id='block_1_2' title="bbox 160 402 1201 479">
    <p class='ocr_par' dir='ltr' id='par_1_2' title="bbox 160 402 1201 479">
     <span class='ocr_line' id='line_1_2' title="bbox 160 402 1201 479; baseline -0.003 -16"><span class='ocrx_word' id='word_1_3' title='bbox 160 402 216 472; x_wconf 85' lang='grc'>52.</span> <span class='ocrx_word' id='word_1_4' title='bbox 238 405 416 479; x_wconf 76' lang='lat' dir='ltr'>synchoresis</span> <span class='ocrx_word' id='word_1_5' title='bbox 429 410 458 460; x_wconf 89' lang='lat' dir='ltr'>et</span> <span class='ocrx_word' id='word_1_6' title='bbox 469 405 609 461; x_wconf 86' lang='lat' dir='ltr'>concessio</span> <span class='ocrx_word' id='word_1_7' title='bbox 618 405 660 460; x_wconf 86' lang='lat' dir='ltr'>rei</span> <span class='ocrx_word' id='word_1_8' title='bbox 671 404 797 475; x_wconf 91' lang='lat' dir='ltr'>alicuius,</span> <span class='ocrx_word' id='word_1_9' title='bbox 808 409 841 461; x_wconf 88' lang='lat' dir='ltr'>ut</span> <span class='ocrx_word' id='word_1_10' title='bbox 852 405 928 476; x_wconf 85' lang='lat' dir='ltr'>apud</span> <span class='ocrx_word' id='word_1_11' title='bbox 940 405 1101 478; x_wconf 81' lang='lat' dir='ltr'>Virgilium:</span> <span class='ocrx_word' id='word_1_12' title='bbox 1114 408 1201 461; x_wconf 75' lang='lat' dir='ltr'>‘ester</span> 
     </span>
    </p>
   </div>
   <div class='ocr_carea' id='block_1_3' title="bbox 98 483 1201 649">
    <p class='ocr_par' dir='ltr' id='par_1_3' title="bbox 98 483 1201 649">
     <span class='ocr_line' id='line_1_3' title="bbox 98 483 1201 564; baseline 0 -13"><span class='ocrx_word' id='word_1_13' title='bbox 98 492 273 551; x_wconf 57' lang='lat' dir='ltr'>mandrae</span> <span class='ocrx_word' id='word_1_14' title='bbox 291 491 421 564; x_wconf 87' lang='lat' dir='ltr'>inpulsus</span> <span class='ocrx_word' id='word_1_15' title='bbox 440 489 539 546; x_wconf 66' lang='lat' dir='ltr'>furiis!</span> <span class='ocrx_word' id='word_1_16' title='bbox 575 488 685 546; x_wconf 81' lang='lat' dir='ltr'>cicero:</span> <span class='ocrx_word' id='word_1_17' title='bbox 704 485 752 549; x_wconf 79' lang='lat' dir='ltr'>do</span> <span class='ocrx_word' id='word_1_18' title='bbox 769 485 828 549; x_wconf 90' lang='lat' dir='ltr'>tibi</span> <span class='ocrx_word' id='word_1_19' title='bbox 845 485 916 562; x_wconf 88' lang='lat' dir='ltr'>hoe,</span> <span class='ocrx_word' id='word_1_20' title='bbox 935 486 1076 550; x_wconf 85' lang='lat' dir='ltr'>concedo</span> <span class='ocrx_word' id='word_1_21' title='bbox 1093 483 1152 550; x_wconf 92' lang='lat' dir='ltr'>tibi</span> <span class='ocrx_word' id='word_1_22' title='bbox 1169 497 1201 551; x_wconf 88' lang='lat' dir='ltr'>et</span> 
     </span>
     <span class='ocr_line' id='line_1_4' title="bbox 99 573 870 649; baseline -0.012 -8"><span class='ocrx_word' id='word_1_23' title='bbox 99 573 236 641; x_wconf 79' lang='lat' dir='ltr'>remitto.</span> <span class='ocrx_word' id='word_1_24' title='bbox 276 575 523 634; x_wconf 85' lang='lat' dir='ltr'>Anecd.Pa1·is.</span> <span class='ocrx_word' id='word_1_25' title='bbox 537 577 581 632; x_wconf 88' lang='lat' dir='ltr'>od.</span> <span class='ocrx_word' id='word_1_26' title='bbox 593 575 689 632; x_wconf 82' lang='lat' dir='ltr'>Eclrst</span> <span class='ocrx_word' id='word_1_27' title='bbox 701 595 730 649; x_wconf 90' lang='lat' dir='ltr'>p.</span> <span class='ocrx_word' id='word_1_28' title='bbox 743 578 769 648; x_wconf 75' lang='lat'>7,</span> <span class='ocrx_word' id='word_1_29' title='bbox 782 578 816 632; x_wconf 86' lang='lat'>14</span> <span class='ocrx_word' id='word_1_30' title='bbox 828 575 870 648; x_wconf 64' lang='lat' dir='ltr'>sqss</span> 
     </span>
    </p>
   </div>
   <div class='ocr_carea' id='block_1_4' title="bbox 100 665 1203 829">
    <p class='ocr_par' dir='ltr' id='par_1_4' title="bbox 100 665 1203 829">
     <span class='ocr_line' id='line_1_5' title="bbox 163 665 1203 744; baseline 0 -18"><span class='ocrx_word' id='word_1_31' title='bbox 163 665 216 732; x_wconf 87' lang='lat'>53.</span> <span class='ocrx_word' id='word_1_32' title='bbox 238 671 419 742; x_wconf 79' lang='lat' dir='ltr'>hyperthesis</span> <span class='ocrx_word' id='word_1_33' title='bbox 440 676 496 742; x_wconf 89' lang='lat' dir='ltr'>est,</span> <span class='ocrx_word' id='word_1_34' title='bbox 517 689 581 728; x_wconf 89' lang='lat' dir='ltr'>eum</span> <span class='ocrx_word' id='word_1_35' title='bbox 597 671 720 741; x_wconf 87' lang='lat' dir='ltr'>aliquam</span> <span class='ocrx_word' id='word_1_36' title='bbox 741 689 800 726; x_wconf 85' lang='lat' dir='ltr'>rem</span> <span class='ocrx_word' id='word_1_37' title='bbox 815 671 945 744; x_wconf 89' lang='lat' dir='ltr'>opinione</span> <span class='ocrx_word' id='word_1_38' title='bbox 967 672 1088 727; x_wconf 90' lang='lat' dir='ltr'>omnium</span> <span class='ocrx_word' id='word_1_39' title='bbox 1108 675 1203 726; x_wconf 88' lang='lat' dir='ltr'>notam</span> 
     </span>
     <span class='ocr_line' id='line_1_6' title="bbox 100 751 1202 829; baseline 0.001 -15"><span class='ocrx_word' id='word_1_40' title='bbox 100 757 238 816; x_wconf 73' lang='lat' dir='ltr'>smtentia</span> <span class='ocrx_word' id='word_1_41' title='bbox 248 761 345 812; x_wconf 87' lang='lat' dir='ltr'>mostra</span> <span class='ocrx_word' id='word_1_42' title='bbox 356 773 522 829; x_wconf 88' lang='lat' dir='ltr'>exsuperare</span> <span class='ocrx_word' id='word_1_43' title='bbox 533 757 668 827; x_wconf 77' lang='lat' dir='ltr'>volumus,</span> <span class='ocrx_word' id='word_1_44' title='bbox 679 765 711 812; x_wconf 88' lang='lat' dir='ltr'>ut</span> <span class='ocrx_word' id='word_1_45' title='bbox 723 763 766 812; x_wconf 88' lang='lat' dir='ltr'>est</span> <span class='ocrx_word' id='word_1_46' title='bbox 781 758 852 812; x_wconf 92' lang='lat' dir='ltr'>illud</span> <span class='ocrx_word' id='word_1_47' title='bbox 863 755 1017 813; x_wconf 76' lang='lat' dir='ltr'>Ciceronis:</span> <span class='ocrx_word' id='word_1_48' title='bbox 1036 751 1140 817; x_wconf 82' lang='lat' dir='ltr'>scelus</span> <span class='ocrx_word' id='word_1_49' title='bbox 1155 761 1202 816; x_wconf 89' lang='lat' dir='ltr'>est</span> 
     </span>
    </p>
   </div>
   <div class='ocr_carea' id='block_1_5' title="bbox 100 837 1204 992">
    <p class='ocr_par' dir='ltr' id='par_1_5' title="bbox 100 837 1204 992">
     <span class='ocr_line' id='line_1_7' title="bbox 100 837 1204 974; baseline -0.009 -69"><span class='ocrx_word' id='word_1_50' title='bbox 100 837 247 925; x_wconf 81' lang='lat' dir='ltr'>accipere</span> <span class='ocrx_word' id='word_1_51' title='bbox 265 858 358 933; x_wconf 68' lang='lat' dir='ltr'>pree</span> <span class='ocrx_word' id='word_1_52' title='bbox 375 837 562 922; x_wconf 87' lang='lat' dir='ltr'>pecuniam,</span> <span class='ocrx_word' id='word_1_53' title='bbox 580 849 702 974; x_wconf 61' lang='lat' dir='ltr'>poento</span> <span class='ocrx_word' id='word_1_54' title='bbox 721 860 771 900; x_wconf 84' lang='lat' dir='ltr'>me</span> <span class='ocrx_word' id='word_1_55' title='bbox 797 837 823 900; x_wconf 88' lang='lat' dir='ltr'>is</span> <span class='ocrx_word' id='word_1_56' title='bbox 841 837 883 901; x_wconf 91' lang='lat' dir='ltr'>ab</span> <span class='ocrx_word' id='word_1_57' title='bbox 901 848 1096 903; x_wconf 85' lang='lat' dir='ltr'>accusatore.</span> <span class='ocrx_word' id='word_1_58' title='bbox 1132 841 1204 896; x_wconf 84' lang='lat' dir='ltr'>haec</span> 
     </span>
     <span class='ocr_line' id='line_1_8' title="bbox 100 919 1055 992; baseline -0.002 -16"><span class='ocrx_word' id='word_1_59' title='bbox 100 925 288 992; x_wconf 59' lang='lat' dir='ltr'>aepanxesrs</span> <span class='ocrx_word' id='word_1_60' title='bbox 300 919 410 974; x_wconf 79' lang='lat' dir='ltr'>dicitur.</span> <span class='ocrx_word' id='word_1_61' title='bbox 445 919 569 974; x_wconf 88' lang='lat' dir='ltr'>Aneod.</span> <span class='ocrx_word' id='word_1_62' title='bbox 612 936 689 974; x_wconf 78' lang='lat' dir='ltr'>aris.</span> <span class='ocrx_word' id='word_1_63' title='bbox 704 919 747 974; x_wconf 91' lang='lat' dir='ltr'>ed.</span> <span class='ocrx_word' id='word_1_64' title='bbox 785 919 855 974; x_wconf 86' lang='lat' dir='ltr'>elrst.</span> <span class='ocrx_word' id='word_1_65' title='bbox 868 937 897 990; x_wconf 87' lang='lat' dir='ltr'>p.</span> <span class='ocrx_word' id='word_1_66' title='bbox 910 921 935 989; x_wconf 79' lang='lat'>7,</span> <span class='ocrx_word' id='word_1_67' title='bbox 949 921 981 974; x_wconf 91' lang='lat'>11</span> <span class='ocrx_word' id='word_1_68' title='bbox 993 934 1055 990; x_wconf 87' lang='lat' dir='ltr'>sqq.</span> 
     </span>
    </p>
   </div>
   <div class='ocr_carea' id='block_1_6' title="bbox 161 1008 1203 1096">
    <p class='ocr_par' dir='ltr' id='par_1_6' title="bbox 161 1008 1203 1096">
     <span class='ocr_line' id='line_1_9' title="bbox 161 1008 1203 1096; baseline -0.004 -20"><span class='ocrx_word' id='word_1_69' title='bbox 161 1009 218 1076; x_wconf 81' lang='lat'>54.</span> <span class='ocrx_word' id='word_1_70' title='bbox 241 1014 353 1070; x_wconf 85' lang='lat' dir='ltr'>Tullius</span> <span class='ocrx_word' id='word_1_71' title='bbox 365 1014 520 1084; x_wconf 83' lang='lat' dir='ltr'>dicitquod</span> <span class='ocrx_word' id='word_1_72' title='bbox 540 1008 679 1074; x_wconf 87' lang='lat' dir='ltr'>mundus</span> <span class='ocrx_word' id='word_1_73' title='bbox 704 1010 765 1075; x_wconf 84' lang='lat' dir='ltr'>iste</span> <span class='ocrx_word' id='word_1_74' title='bbox 791 1010 914 1096; x_wconf 85' lang='lat' dir='ltr'>regitur</span> <span class='ocrx_word' id='word_1_75' title='bbox 936 1009 1098 1093; x_wconf 90' lang='lat' dir='ltr'>opinione;</span> <span class='ocrx_word' id='word_1_76' title='bbox 1126 1031 1203 1073; x_wconf 87' lang='lat' dir='ltr'>nam</span> 
     </span>
    </p>
   </div>
   <div class='ocr_carea' id='block_1_7' title="bbox 100 1092 1202 1246">
    <p class='ocr_par' dir='ltr' id='par_1_7' title="bbox 100 1092 1202 1246">
     <span class='ocr_line' id='line_1_10' title="bbox 100 1092 1202 1180; baseline -0.003 -19"><span class='ocrx_word' id='word_1_77' title='bbox 100 1093 266 1161; x_wconf 86' lang='lat' dir='ltr'>Armeniis</span> <span class='ocrx_word' id='word_1_78' title='bbox 284 1116 319 1158; x_wconf 89' lang='lat' dir='ltr'>as</span> <span class='ocrx_word' id='word_1_79' title='bbox 343 1092 459 1158; x_wconf 85' lang='lat' dir='ltr'>errima</span> <span class='ocrx_word' id='word_1_80' title='bbox 477 1105 510 1158; x_wconf 87' lang='lat' dir='ltr'>et</span> <span class='ocrx_word' id='word_1_81' title='bbox 525 1095 717 1160; x_wconf 84' lang='lat' dir='ltr'>dedecorosa</span> <span class='ocrx_word' id='word_1_82' title='bbox 736 1116 840 1180; x_wconf 88' lang='lat' dir='ltr'>poena</span> <span class='ocrx_word' id='word_1_83' title='bbox 853 1106 902 1160; x_wconf 89' lang='lat' dir='ltr'>est</span> <span class='ocrx_word' id='word_1_84' title='bbox 915 1095 1040 1160; x_wconf 85' lang='lat' dir='ltr'>auferre</span> <span class='ocrx_word' id='word_1_85' title='bbox 1059 1093 1202 1159; x_wconf 86' lang='lat' dir='ltr'>barbam.</span> 
     </span>
     <span class='ocr_line' id='line_1_11' title="bbox 101 1175 608 1246; baseline -0.008 -12"><span class='ocrx_word' id='word_1_86' title='bbox 101 1177 317 1234; x_wconf 75' lang='lat' dir='ltr'>scholiastes</span> <span class='ocrx_word' id='word_1_87' title='bbox 353 1176 437 1230; x_wconf 87' lang='lat' dir='ltr'>uceni</span> <span class='ocrx_word' id='word_1_88' title='bbox 449 1177 485 1231; x_wconf 89' lang='lat' dir='ltr'>ad</span> <span class='ocrx_word' id='word_1_89' title='bbox 496 1175 535 1246; x_wconf 90' lang='lat'>11,</span> <span class='ocrx_word' id='word_1_90' title='bbox 548 1177 608 1233; x_wconf 79' lang='lat'>375.</span> 
     </span>
    </p>
   </div>
   <div class='ocr_carea' id='block_1_8' title="bbox 100 1256 1203 1410">
    <p class='ocr_par' dir='ltr' id='par_1_8' title="bbox 100 1256 1203 1410">
     <span class='ocr_line' id='line_1_12' title="bbox 162 1256 1203 1332; baseline 0 -16"><span class='ocrx_word' id='word_1_91' title='bbox 162 1256 219 1322; x_wconf 87' lang='lat'>55.</span> <span class='ocrx_word' id='word_1_92' title='bbox 243 1261 340 1328; x_wconf 83' lang='lat' dir='ltr'>dicunt</span> <span class='ocrx_word' id='word_1_93' title='bbox 355 1261 431 1331; x_wconf 89' lang='lat' dir='ltr'>quod</span> <span class='ocrx_word' id='word_1_94' title='bbox 445 1265 521 1316; x_wconf 85' lang='lat' dir='ltr'>terra</span> <span class='ocrx_word' id='word_1_95' title='bbox 532 1262 622 1317; x_wconf 86' lang='lat' dir='ltr'>solida</span> <span class='ocrx_word' id='word_1_96' title='bbox 633 1263 669 1316; x_wconf 88' lang='lat' dir='ltr'>sit</span> <span class='ocrx_word' id='word_1_97' title='bbox 681 1267 710 1317; x_wconf 84' lang='lat' dir='ltr'>et</span> <span class='ocrx_word' id='word_1_98' title='bbox 724 1261 830 1316; x_wconf 86' lang='lat' dir='ltr'>nnllam</span> <span class='ocrx_word' id='word_1_99' title='bbox 841 1261 1040 1316; x_wconf 78' lang='lat' dir='ltr'>concavitatem</span> <span class='ocrx_word' id='word_1_100' title='bbox 1055 1261 1144 1332; x_wconf 86' lang='lat' dir='ltr'>possit</span> <span class='ocrx_word' id='word_1_101' title='bbox 1154 1261 1203 1316; x_wconf 88' lang='lat' dir='ltr'>ed·</span> 
     </span>
     <span class='ocr_line' id='line_1_13' title="bbox 100 1335 696 1410; baseline -0.003 -16"><span class='ocrx_word' id='word_1_102' title='bbox 100 1340 220 1410; x_wconf 84' lang='lat' dir='ltr'>mittere,</span> <span class='ocrx_word' id='word_1_103' title='bbox 231 1343 266 1394; x_wconf 91' lang='lat' dir='ltr'>ut</span> <span class='ocrx_word' id='word_1_104' title='bbox 277 1335 382 1393; x_wconf 84' lang='lat' dir='ltr'>Cicero.</span> <span class='ocrx_word' id='word_1_105' title='bbox 419 1339 511 1394; x_wconf 86' lang='lat' dir='ltr'>idem</span> <span class='ocrx_word' id='word_1_106' title='bbox 522 1340 559 1394; x_wconf 89' lang='lat' dir='ltr'>ad</span> <span class='ocrx_word' id='word_1_107' title='bbox 570 1339 624 1409; x_wconf 91' lang='lat' dir='ltr'>IX,</span> <span class='ocrx_word' id='word_1_108' title='bbox 636 1339 696 1393; x_wconf 79' lang='lat'>102.</span> 
     </span>
    </p>
   </div>
   <div class='ocr_carea' id='block_1_9' title="bbox 163 1417 1201 1495">
    <p class='ocr_par' dir='ltr' id='par_1_9' title="bbox 163 1417 1201 1495">
     <span class='ocr_line' id='line_1_14' title="bbox 163 1417 1201 1495; baseline -0.008 -11"><span class='ocrx_word' id='word_1_109' title='bbox 163 1417 220 1484; x_wconf 78' lang='grc'>56.</span> <span class='ocrx_word' id='word_1_110' title='bbox 243 1423 333 1479; x_wconf 86' lang='lat' dir='ltr'>Orcus</span> <span class='ocrx_word' id='word_1_111' title='bbox 343 1423 419 1480; x_wconf 90' lang='lat' dir='ltr'>idem</span> <span class='ocrx_word' id='word_1_112' title='bbox 430 1428 473 1478; x_wconf 87' lang='lat' dir='ltr'>est</span> <span class='ocrx_word' id='word_1_113' title='bbox 483 1423 595 1495; x_wconf 87' lang='lat' dir='ltr'>Pluton,</span> <span class='ocrx_word' id='word_1_114' title='bbox 606 1425 679 1479; x_wconf 90' lang='lat' dir='ltr'>utin</span> <span class='ocrx_word' id='word_1_115' title='bbox 691 1422 817 1479; x_wconf 84' lang='lat' dir='ltr'>Verrinis</span> <span class='ocrx_word' id='word_1_116' title='bbox 826 1422 887 1494; x_wconf 86' lang='lat' dir='ltr'>(IV,</span> <span class='ocrx_word' id='word_1_117' title='bbox 897 1422 968 1490; x_wconf 84' lang='lat'>111.)</span> <span class='ocrx_word' id='word_1_118' title='bbox 979 1421 1085 1476; x_wconf 87' lang='lat' dir='ltr'>indicat</span> <span class='ocrx_word' id='word_1_119' title='bbox 1097 1419 1201 1476; x_wconf 79' lang='lat' dir='ltr'>Cicero.</span> 
     </span>
    </p>
   </div>
   <div class='ocr_carea' id='block_1_10' title="bbox 101 1501 1203 1939">
    <p class='ocr_par' dir='ltr' id='par_1_10' title="bbox 101 1501 1202 1658">
     <span class='ocr_line' id='line_1_15' title="bbox 101 1501 1202 1587; baseline 0 -21"><span class='ocrx_word' id='word_1_120' title='bbox 101 1509 168 1566; x_wconf 87' lang='lat' dir='ltr'>shbi</span> <span class='ocrx_word' id='word_1_121' title='bbox 192 1509 248 1564; x_wconf 83' lang='lat' dir='ltr'>ait:</span> <span class='ocrx_word' id='word_1_122' title='bbox 298 1503 352 1568; x_wconf 88' lang='lat' dir='ltr'>uia</span> <span class='ocrx_word' id='word_1_123' title='bbox 377 1502 490 1569; x_wconf 85' lang='lat' dir='ltr'>Ditem</span> <span class='ocrx_word' id='word_1_124' title='bbox 544 1517 646 1570; x_wconf 85' lang='lat' dir='ltr'>atrem</span> <span class='ocrx_word' id='word_1_125' title='bbox 674 1504 840 1568; x_wconf 89' lang='lat' dir='ltr'>emersisse</span> <span class='ocrx_word' id='word_1_126' title='bbox 872 1502 914 1568; x_wconf 91' lang='lat' dir='ltr'>ab</span> <span class='ocrx_word' id='word_1_127' title='bbox 940 1501 1050 1568; x_wconf 89' lang='lat' dir='ltr'>inferis</span> <span class='ocrx_word' id='word_1_128' title='bbox 1079 1511 1202 1587; x_wconf 88' lang='lat' dir='ltr'>putant.</span> 
     </span>
     <span class='ocr_line' id='line_1_16' title="bbox 102 1523 624 1658; baseline -0.006 -15"><span class='ocrx_word' id='word_1_129' title='bbox 102 1585 242 1643; x_wconf 82' lang='lat' dir='ltr'>Servius</span> <span class='ocrx_word' id='word_1_130' title='bbox 254 1523 298 1640; x_wconf 51' lang='lat' dir='ltr'>ai</span> <span class='ocrx_word' id='word_1_131' title='bbox 303 1585 403 1658; x_wconf 83' lang='lat' dir='ltr'>virgil.</span> <span class='ocrx_word' id='word_1_132' title='bbox 416 1586 486 1642; x_wconf 87' lang='lat' dir='ltr'>Aen.</span> <span class='ocrx_word' id='word_1_133' title='bbox 544 1587 624 1657; x_wconf 69' lang='lat' dir='ltr'>,sle</span> 
     </span>
    </p>

    <p class='ocr_par' dir='ltr' id='par_1_11' title="bbox 101 1664 1203 1939">
     <span class='ocr_line' id='line_1_17' title="bbox 165 1664 1203 1743; baseline -0.005 -13"><span class='ocrx_word' id='word_1_134' title='bbox 165 1664 221 1730; x_wconf 69' lang='grc' dir='ltr'>δῖ.</span> <span class='ocrx_word' id='word_1_135' title='bbox 242 1675 275 1726; x_wconf 87' lang='lat' dir='ltr'>ut</span> <span class='ocrx_word' id='word_1_136' title='bbox 286 1667 383 1726; x_wconf 74' lang='lat' dir='ltr'>tieem</span> <span class='ocrx_word' id='word_1_137' title='bbox 395 1671 472 1742; x_wconf 91' lang='lat' dir='ltr'>dicit,</span> <span class='ocrx_word' id='word_1_138' title='bbox 482 1671 530 1727; x_wconf 83' lang='lat' dir='ltr'>isti</span> <span class='ocrx_word' id='word_1_139' title='bbox 542 1671 713 1743; x_wconf 85' lang='lat' dir='ltr'>scripserunt</span> <span class='ocrx_word' id='word_1_140' title='bbox 724 1671 799 1743; x_wconf 86' lang='lat' dir='ltr'>apud</span> <span class='ocrx_word' id='word_1_141' title='bbox 812 1669 935 1728; x_wconf 79' lang='lat' dir='ltr'>Graecos</span> <span class='ocrx_word' id='word_1_142' title='bbox 948 1670 993 1740; x_wconf 89' lang='lat' dir='ltr'>(de</span> <span class='ocrx_word' id='word_1_143' title='bbox 1006 1668 1203 1741; x_wconf 83' lang='lat' dir='ltr'>compositione</span> 
     </span>
     <span class='ocr_line' id='line_1_18' title="bbox 102 1745 1203 1822; baseline -0.001 -19"><span class='ocrx_word' id='word_1_144' title='bbox 102 1753 132 1803; x_wconf 91' lang='lat' dir='ltr'>et</span> <span class='ocrx_word' id='word_1_145' title='bbox 146 1747 269 1801; x_wconf 87' lang='lat' dir='ltr'>numeris</span> <span class='ocrx_word' id='word_1_146' title='bbox 285 1751 314 1801; x_wconf 90' lang='lat' dir='ltr'>et</span> <span class='ocrx_word' id='word_1_147' title='bbox 328 1748 610 1818; x_wconf 80' lang='lat' dir='ltr'>pedibusoratoriis):</span> <span class='ocrx_word' id='word_1_148' title='bbox 631 1748 856 1822; x_wconf 73' lang='lat' dir='ltr'>Thrasymachus</span> <span class='ocrx_word' id='word_1_149' title='bbox 886 1747 1041 1806; x_wconf 83' lang='lat' dir='ltr'>Naucrates</span> <span class='ocrx_word' id='word_1_150' title='bbox 1072 1745 1203 1819; x_wconf 81' lang='lat' dir='ltr'>Gorgias,</span> 
     </span>
     <span class='ocr_line' id='line_1_19' title="bbox 101 1787 1203 1939; baseline 0 -69"><span class='ocrx_word' id='word_1_151' title='bbox 101 1816 128 1870; x_wconf 78' lang='lat' dir='ltr'>s</span> <span class='ocrx_word' id='word_1_152' title='bbox 147 1816 245 1884; x_wconf 75' lang='lat' dir='ltr'>sorus,</span> <span class='ocrx_word' id='word_1_153' title='bbox 267 1815 418 1884; x_wconf 69' lang='lat' dir='ltr'>meuses,</span> <span class='ocrx_word' id='word_1_154' title='bbox 442 1818 630 1888; x_wconf 71' lang='lat' dir='ltr'>Theodectes,</span> <span class='ocrx_word' id='word_1_155' title='bbox 654 1818 835 1939; x_wconf 47' lang='lat' dir='ltr'>insereres(³</span> <span class='ocrx_word' id='word_1_156' title='bbox 853 1789 1016 1872; x_wconf 66' lang='lat' dir='ltr'>lau...</span> <span class='ocrx_word' id='word_1_157' title='bbox 1039 1787 1203 1886; x_wconf 64' lang='lat' dir='ltr'>symea,</span> 
     </span>
    </p>
   </div>
   <div class='ocr_carea' id='block_1_11' title="bbox 101 1883 1202 2024">
    <p class='ocr_par' dir='ltr' id='par_1_12' title="bbox 101 1883 1202 2024">
     <span class='ocr_line' id='line_1_20' title="bbox 150 1883 1202 1956; baseline -0.001 -18"><span class='ocrx_word' id='word_1_158' title='bbox 150 1899 185 1938; x_wconf 89' lang='lat' dir='ltr'>eo</span> <span class='ocrx_word' id='word_1_159' title='bbox 206 1883 322 1953; x_wconf 84' lang='lat' dir='ltr'>hrastus,</span> <span class='ocrx_word' id='word_1_160' title='bbox 338 1883 534 1956; x_wconf 87' lang='lat' dir='ltr'>Hieronymus.</span> <span class='ocrx_word' id='word_1_161' title='bbox 570 1885 691 1941; x_wconf 86' lang='lat' dir='ltr'>Rufini</span> <span class='ocrx_word' id='word_1_162' title='bbox 705 1902 800 1941; x_wconf 81' lang='lat' dir='ltr'>versus</span> <span class='ocrx_word' id='word_1_163' title='bbox 836 1901 987 1956; x_wconf 87' lang='lat' dir='ltr'>eocmpos.</span> <span class='ocrx_word' id='word_1_164' title='bbox 1002 1888 1030 1939; x_wconf 91' lang='lat' dir='ltr'>et</span> <span class='ocrx_word' id='word_1_165' title='bbox 1042 1889 1120 1940; x_wconf 85' lang='lat' dir='ltr'>metr.</span> <span class='ocrx_word' id='word_1_166' title='bbox 1133 1887 1202 1938; x_wconf 84' lang='lat' dir='ltr'>orat.</span> 
     </span>
     <span class='ocr_line' id='line_1_21' title="bbox 101 1949 562 2024; baseline 0.002 -17"><span class='ocrx_word' id='word_1_167' title='bbox 101 1950 163 2008; x_wconf 84' lang='lat' dir='ltr'>inS</span> <span class='ocrx_word' id='word_1_168' title='bbox 202 1951 237 2006; x_wconf 87' lang='lat' dir='ltr'>ol</span> <span class='ocrx_word' id='word_1_169' title='bbox 251 1949 562 2024; x_wconf 76' lang='lat' dir='ltr'>cie.1.p.191‚tsqq.</span> 
     </span>
    </p>
   </div>
   <div class='ocr_carea' id='block_1_12' title="bbox 99 2031 1204 2271">
    <p class='ocr_par' dir='ltr' id='par_1_13' title="bbox 99 2031 1204 2271">
     <span class='ocr_line' id='line_1_22' title="bbox 166 2031 1203 2110; baseline -0.007 -13"><span class='ocrx_word' id='word_1_170' title='bbox 166 2031 221 2097; x_wconf 81' lang='grc'>58.</span> <span class='ocrx_word' id='word_1_171' title='bbox 243 2036 315 2093; x_wconf 89' lang='lat' dir='ltr'>haec</span> <span class='ocrx_word' id='word_1_172' title='bbox 326 2038 440 2108; x_wconf 86' lang='lat' dir='ltr'>quidem</span> <span class='ocrx_word' id='word_1_173' title='bbox 450 2039 594 2096; x_wconf 84' lang='lat' dir='ltr'>translatio</span> <span class='ocrx_word' id='word_1_174' title='bbox 605 2045 769 2110; x_wconf 85' lang='lat' dir='ltr'>temporum,</span> <span class='ocrx_word' id='word_1_175' title='bbox 782 2053 855 2109; x_wconf 86' lang='lat' dir='ltr'>quae</span> <span class='ocrx_word' id='word_1_176' title='bbox 867 2039 978 2110; x_wconf 88' lang='lat' dir='ltr'>proprie</span> <span class='ocrx_word' id='word_1_177' title='bbox 987 2038 1151 2106; x_wconf 68' lang='lat' dir='ltr'>perdurante</span> <span class='ocrx_word' id='word_1_178' title='bbox 1163 2037 1203 2090; x_wconf 87' lang='lat' dir='ltr'>di·</span> 
     </span>
     <span class='ocr_line' id='line_1_23' title="bbox 101 2113 1204 2200; baseline -0.003 -29"><span class='ocrx_word' id='word_1_179' title='bbox 101 2115 183 2182; x_wconf 82' lang='lat' dir='ltr'>citnr,</span> <span class='ocrx_word' id='word_1_180' title='bbox 199 2114 231 2169; x_wconf 91' lang='lat' dir='ltr'>in</span> <span class='ocrx_word' id='word_1_181' title='bbox 243 2113 412 2200; x_wconf 66' lang='lat' dir='ltr'>daarvnoi&#39;oa</span> <span class='ocrx_word' id='word_1_182' title='bbox 423 2116 603 2172; x_wconf 78' lang='lat' dir='ltr'>verecundior</span> <span class='ocrx_word' id='word_1_183' title='bbox 614 2117 691 2188; x_wconf 88' lang='lat' dir='ltr'>apud</span> <span class='ocrx_word' id='word_1_184' title='bbox 702 2116 807 2188; x_wconf 87' lang='lat' dir='ltr'>priores</span> <span class='ocrx_word' id='word_1_185' title='bbox 819 2114 881 2170; x_wconf 82' lang='lat' dir='ltr'>fuit.</span> <span class='ocrx_word' id='word_1_186' title='bbox 907 2113 1118 2200; x_wconf 73' lang='lat' dir='ltr'>praeponebant</span> <span class='ocrx_word' id='word_1_187' title='bbox 1129 2113 1204 2200; x_wconf 75' lang='lat' dir='ltr'>enim</span> 
     </span>
     <span class='ocr_line' id='line_1_24' title="bbox 99 2185 1203 2271; baseline -0.001 -23"><span class='ocrx_word' id='word_1_188' title='bbox 99 2192 170 2248; x_wconf 81' lang='lat' dir='ltr'>talia</span> <span class='ocrx_word' id='word_1_189' title='bbox 182 2189 491 2263; x_wconf 71' lang='lat' dir='ltr'>‘creditatorintueri&#39;,</span> <span class='ocrx_word' id='word_1_190' title='bbox 502 2189 650 2248; x_wconf 81' lang='lat' dir='ltr'>ntOicero:</span> <span class='ocrx_word' id='word_1_191' title='bbox 666 2188 756 2264; x_wconf 84' lang='lat' dir='ltr'>haee,</span> <span class='ocrx_word' id='word_1_192' title='bbox 775 2209 857 2271; x_wconf 86' lang='lat' dir='ltr'>quae</span> <span class='ocrx_word' id='word_1_193' title='bbox 876 2208 939 2250; x_wconf 89' lang='lat' dir='ltr'>non</span> <span class='ocrx_word' id='word_1_194' title='bbox 954 2185 1077 2250; x_wconf 77' lang='lat' dir='ltr'>vidistis</span> <span class='ocrx_word' id='word_1_195' title='bbox 1091 2185 1203 2261; x_wconf 88' lang='lat' dir='ltr'>oouhs,</span> 
     </span>
    </p>
   </div>
   <div class='ocr_carea' id='block_1_13' title="bbox 99 2269 1205 2536">
    <p class='ocr_par' dir='ltr' id='par_1_14' title="bbox 99 2269 1205 2536">
     <span class='ocr_line' id='line_1_25' title="bbox 100 2269 950 2357; baseline -0.009 -19"><span class='ocrx_word' id='word_1_196' title='bbox 100 2269 218 2338; x_wconf 77' lang='lat' dir='ltr'>animis</span> <span class='ocrx_word' id='word_1_197' title='bbox 235 2291 365 2336; x_wconf 82' lang='lat' dir='ltr'>cernere</span> <span class='ocrx_word' id='word_1_198' title='bbox 382 2271 524 2357; x_wconf 70' lang='lat' dir='ltr'>potestis</span> <span class='ocrx_word' id='word_1_199' title='bbox 553 2276 792 2350; x_wconf 61' lang='lat' dir='ltr'>Quintilianus</span> <span class='ocrx_word' id='word_1_200' title='bbox 804 2276 857 2346; x_wconf 90' lang='lat' dir='ltr'>IX,</span> <span class='ocrx_word' id='word_1_201' title='bbox 869 2275 895 2346; x_wconf 81' lang='lat'>2,</span> <span class='ocrx_word' id='word_1_202' title='bbox 907 2277 950 2330; x_wconf 90' lang='grc'>41.</span> 
     </span>
     <span class='ocr_line' id='line_1_26' title="bbox 165 2363 1205 2444; baseline -0.009 -14"><span class='ocrx_word' id='word_1_203' title='bbox 165 2363 221 2430; x_wconf 81' lang='grc'>59.</span> <span class='ocrx_word' id='word_1_204' title='bbox 245 2368 324 2424; x_wconf 82' lang='lat' dir='ltr'>vides</span> <span class='ocrx_word' id='word_1_205' title='bbox 336 2385 403 2441; x_wconf 82' lang='lat' dir='ltr'>ergo</span> <span class='ocrx_word' id='word_1_206' title='bbox 415 2369 516 2426; x_wconf 85' lang='lat' dir='ltr'>falsam</span> <span class='ocrx_word' id='word_1_207' title='bbox 527 2370 752 2444; x_wconf 85' lang='lat' dir='ltr'>intellegentiam</span> <span class='ocrx_word' id='word_1_208' title='bbox 764 2373 793 2423; x_wconf 91' lang='lat' dir='ltr'>et</span> <span class='ocrx_word' id='word_1_209' title='bbox 804 2366 915 2440; x_wconf 86' lang='lat' dir='ltr'>penitus</span> <span class='ocrx_word' id='word_1_210' title='bbox 924 2367 1072 2422; x_wconf 82' lang='lat' dir='ltr'>veritatem</span> <span class='ocrx_word' id='word_1_211' title='bbox 1082 2366 1205 2422; x_wconf 88' lang='lat' dir='ltr'>submer-</span> 
     </span>
     <span class='ocr_line' id='line_1_27' title="bbox 99 2446 1205 2536; baseline 0 -26"><span class='ocrx_word' id='word_1_212' title='bbox 99 2472 169 2510; x_wconf 90' lang='lat' dir='ltr'>sam.</span> <span class='ocrx_word' id='word_1_213' title='bbox 205 2453 558 2512; x_wconf 85' lang='lat' dir='ltr'>nndeilludinPisonem:</span> <span class='ocrx_word' id='word_1_214' title='bbox 579 2450 692 2536; x_wconf 88' lang='lat' dir='ltr'>putavi</span> <span class='ocrx_word' id='word_1_215' title='bbox 721 2471 868 2534; x_wconf 76' lang='lat' dir='ltr'>gravemr</span> <span class='ocrx_word' id='word_1_216' title='bbox 898 2447 992 2512; x_wconf 90' lang='lat' dir='ltr'>video</span> <span class='ocrx_word' id='word_1_217' title='bbox 1015 2446 1205 2523; x_wconf 86' lang='lat' dir='ltr'>adulterum,</span> 
     </span>
    </p>
   </div>
   <div class='ocr_carea' id='block_1_14' title="bbox 99 2533 1205 2686">
    <p class='ocr_par' dir='ltr' id='par_1_15' title="bbox 99 2533 1205 2686">
     <span class='ocr_line' id='line_1_28' title="bbox 99 2533 1205 2618; baseline -0.006 -19"><span class='ocrx_word' id='word_1_218' title='bbox 99 2533 197 2600; x_wconf 81' lang='lat' dir='ltr'>video</span> <span class='ocrx_word' id='word_1_219' title='bbox 214 2555 404 2618; x_wconf 74' lang='lat' dir='ltr'>ganeonem.</span> <span class='ocrx_word' id='word_1_220' title='bbox 432 2539 578 2596; x_wconf 79' lang='lat' dir='ltr'>Grillius</span> <span class='ocrx_word' id='word_1_221' title='bbox 590 2542 627 2596; x_wconf 83' lang='lat' dir='ltr'>ad</span> <span class='ocrx_word' id='word_1_222' title='bbox 640 2539 698 2597; x_wconf 82' lang='lat' dir='ltr'>cie.</span> <span class='ocrx_word' id='word_1_223' title='bbox 711 2541 746 2594; x_wconf 91' lang='lat' dir='ltr'>de</span> <span class='ocrx_word' id='word_1_224' title='bbox 755 2539 859 2594; x_wconf 80' lang='lat' dir='ltr'>invent</span> <span class='ocrx_word' id='word_1_225' title='bbox 870 2536 1205 2608; x_wconf 59' lang='lat' dir='ltr'>§.spesspedflulm</span> 
     </span>
     <span class='ocr_line' id='line_1_29' title="bbox 100 2615 871 2686; baseline -0.005 -14"><span class='ocrx_word' id='word_1_226' title='bbox 100 2615 138 2672; x_wconf 85' lang='lat' dir='ltr'>ef.</span> <span class='ocrx_word' id='word_1_227' title='bbox 151 2632 240 2686; x_wconf 82' lang='lat' dir='ltr'>supra</span> <span class='ocrx_word' id='word_1_228' title='bbox 252 2633 281 2686; x_wconf 91' lang='lat' dir='ltr'>p.</span> <span class='ocrx_word' id='word_1_229' title='bbox 294 2616 320 2670; x_wconf 89' lang='lat'>3.</span> <span class='ocrx_word' id='word_1_230' title='bbox 331 2633 360 2670; x_wconf 90' lang='lat' dir='ltr'>n.</span> <span class='ocrx_word' id='word_1_231' title='bbox 372 2617 415 2672; x_wconf 90' lang='lat'>11.</span> <span class='ocrx_word' id='word_1_232' title='bbox 866 2637 871 2643; x_wconf 96' lang='lat'>·</span> 
     </span>
    </p>
   </div>
   <div class='ocr_carea' id='block_1_15' title="bbox 166 2695 1206 2772">
    <p class='ocr_par' dir='ltr' id='par_1_16' title="bbox 166 2695 1206 2772">
     <span class='ocr_line' id='line_1_30' title="bbox 166 2695 1206 2772; baseline -0.005 -12"><span class='ocrx_word' id='word_1_233' title='bbox 166 2695 222 2760; x_wconf 88' lang='lat'>60.</span> <span class='ocrx_word' id='word_1_234' title='bbox 246 2717 281 2756; x_wconf 84' lang='lat' dir='ltr'>ea</span> <span class='ocrx_word' id='word_1_235' title='bbox 292 2702 374 2772; x_wconf 89' lang='lat' dir='ltr'>enim,</span> <span class='ocrx_word' id='word_1_236' title='bbox 387 2716 459 2772; x_wconf 88' lang='lat' dir='ltr'>quus</span> <span class='ocrx_word' id='word_1_237' title='bbox 470 2703 585 2760; x_wconf 84' lang='lat' dir='ltr'>inventa</span> <span class='ocrx_word' id='word_1_238' title='bbox 596 2701 710 2770; x_wconf 87' lang='lat' dir='ltr'>fuerint,</span> <span class='ocrx_word' id='word_1_239' title='bbox 722 2717 777 2757; x_wconf 90' lang='lat' dir='ltr'>non</span> <span class='ocrx_word' id='word_1_240' title='bbox 787 2698 891 2755; x_wconf 90' lang='lat' dir='ltr'>debent</span> <span class='ocrx_word' id='word_1_241' title='bbox 899 2697 1012 2754; x_wconf 73' lang='lat' dir='ltr'>confine</span> <span class='ocrx_word' id='word_1_242' title='bbox 1020 2698 1086 2768; x_wconf 88' lang='lat' dir='ltr'>dici,</span> <span class='ocrx_word' id='word_1_243' title='bbox 1097 2698 1148 2754; x_wconf 88' lang='lat' dir='ltr'>sed</span> <span class='ocrx_word' id='word_1_244' title='bbox 1156 2716 1206 2755; x_wconf 91' lang='lat' dir='ltr'>suo</span> 
     </span>
    </p>
   </div>
   <div class='ocr_carea' id='block_1_16' title="bbox 7 2778 1205 2866">
    <p class='ocr_par' dir='ltr' id='par_1_17' title="bbox 7 2778 1205 2866">
     <span class='ocr_line' id='line_1_31' title="bbox 7 2778 1205 2866; baseline 0.002 -24"><span class='ocrx_word' id='word_1_245' title='bbox 7 2847 8 2856; x_wconf 45' lang='lat'>,</span> <span class='ocrx_word' id='word_1_246' title='bbox 101 2800 233 2857; x_wconf 82' lang='lat' dir='ltr'>quaeque</span> <span class='ocrx_word' id='word_1_247' title='bbox 245 2786 373 2859; x_wconf 80' lang='lat' dir='ltr'>componi</span> <span class='ocrx_word' id='word_1_248' title='bbox 386 2788 490 2858; x_wconf 83' lang='lat' dir='ltr'>ordine,</span> <span class='ocrx_word' id='word_1_249' title='bbox 502 2789 577 2844; x_wconf 85' lang='lat' dir='ltr'>unde</span> <span class='ocrx_word' id='word_1_250' title='bbox 588 2789 663 2860; x_wconf 87' lang='lat' dir='ltr'>ipse:</span> <span class='ocrx_word' id='word_1_251' title='bbox 680 2802 796 2866; x_wconf 88' lang='lat' dir='ltr'>meque</span> <span class='ocrx_word' id='word_1_252' title='bbox 805 2801 912 2846; x_wconf 91' lang='lat' dir='ltr'>meum</span> <span class='ocrx_word' id='word_1_253' title='bbox 922 2779 1047 2846; x_wconf 89' lang='lat' dir='ltr'>dicendi</span> <span class='ocrx_word' id='word_1_254' title='bbox 1061 2778 1205 2845; x_wconf 87' lang='lat' dir='ltr'>ordinem</span> 
     </span>
    </p>
   </div>
   <div class='ocr_carea' id='block_1_17' title="bbox 103 2865 1206 3132">
    <p class='ocr_par' dir='ltr' id='par_1_18' title="bbox 103 2865 1206 3132">
     <span class='ocr_line' id='line_1_32' title="bbox 103 2865 853 2953; baseline -0.009 -21"><span class='ocrx_word' id='word_1_255' title='bbox 103 2889 233 2932; x_wconf 85' lang='lat' dir='ltr'>servare</span> <span class='ocrx_word' id='word_1_256' title='bbox 251 2865 426 2953; x_wconf 85' lang='lat' dir='ltr'>patiamini.</span> <span class='ocrx_word' id='word_1_257' title='bbox 471 2873 563 2928; x_wconf 87' lang='lat' dir='ltr'>Idem</span> <span class='ocrx_word' id='word_1_258' title='bbox 575 2874 598 2944; x_wconf 66' lang='grc' dir='ltr'>ς.</span> <span class='ocrx_word' id='word_1_259' title='bbox 611 2873 637 2928; x_wconf 88' lang='grc'>9.</span> <span class='ocrx_word' id='word_1_260' title='bbox 648 2890 677 2943; x_wconf 91' lang='lat' dir='ltr'>p.</span> <span class='ocrx_word' id='word_1_261' title='bbox 689 2873 750 2942; x_wconf 80' lang='lat'>599,</span> <span class='ocrx_word' id='word_1_262' title='bbox 763 2871 779 2926; x_wconf 79' lang='grc'><strong>7</strong></span> <span class='ocrx_word' id='word_1_263' title='bbox 791 2885 853 2940; x_wconf 84' lang='lat' dir='ltr'>sqq.</span> 
     </span>
     <span class='ocr_line' id='line_1_33' title="bbox 168 2960 1205 3038; baseline -0.007 -13"><span class='ocrx_word' id='word_1_264' title='bbox 168 2960 223 3025; x_wconf 90' lang='grc'>61.</span> <span class='ocrx_word' id='word_1_265' title='bbox 247 2966 358 3021; x_wconf 85' lang='lat' dir='ltr'>moralis</span> <span class='ocrx_word' id='word_1_266' title='bbox 369 2967 573 3038; x_wconf 78' lang='lat' dir='ltr'>argumentatio</span> <span class='ocrx_word' id='word_1_267' title='bbox 585 2967 620 3022; x_wconf 92' lang='lat' dir='ltr'>de</span> <span class='ocrx_word' id='word_1_268' title='bbox 632 2971 731 3021; x_wconf 84' lang='lat' dir='ltr'>natura</span> <span class='ocrx_word' id='word_1_269' title='bbox 740 2965 880 3020; x_wconf 91' lang='lat' dir='ltr'>hominum</span> <span class='ocrx_word' id='word_1_270' title='bbox 888 2963 933 3019; x_wconf 85' lang='lat' dir='ltr'>rel</span> <span class='ocrx_word' id='word_1_271' title='bbox 944 2978 1050 3018; x_wconf 90' lang='lat' dir='ltr'>morum</span> <span class='ocrx_word' id='word_1_272' title='bbox 1063 2969 1205 3020; x_wconf 87' lang='lat' dir='ltr'>consuetu-</span> 
     </span>
     <span class='ocr_line' id='line_1_34' title="bbox 103 3043 1206 3132; baseline -0.001 -26"><span class='ocrx_word' id='word_1_273' title='bbox 103 3052 170 3107; x_wconf 89' lang='lat' dir='ltr'>dine</span> <span class='ocrx_word' id='word_1_274' title='bbox 183 3050 303 3121; x_wconf 85' lang='lat' dir='ltr'>ducitur,</span> <span class='ocrx_word' id='word_1_275' title='bbox 317 3055 350 3106; x_wconf 91' lang='lat' dir='ltr'>ut</span> <span class='ocrx_word' id='word_1_276' title='bbox 362 3049 472 3107; x_wconf 83' lang='lat' dir='ltr'>cicero:</span> <span class='ocrx_word' id='word_1_277' title='bbox 495 3045 547 3111; x_wconf 91' lang='lat' dir='ltr'>hie</span> <span class='ocrx_word' id='word_1_278' title='bbox 569 3067 630 3132; x_wconf 87' lang='lat' dir='ltr'>ego</span> <span class='ocrx_word' id='word_1_279' title='bbox 648 3046 792 3111; x_wconf 88' lang='lat' dir='ltr'>dubitem</span> <span class='ocrx_word' id='word_1_280' title='bbox 815 3045 940 3109; x_wconf 89' lang='lat' dir='ltr'>ineam</span> <span class='ocrx_word' id='word_1_281' title='bbox 958 3043 1206 3128; x_wconf 87' lang='lat' dir='ltr'>disputationem</span> 
     </span>
    </p>
   </div>
   <div class='ocr_carea' id='block_1_18' title="bbox 102 3126 1206 3216">
    <p class='ocr_par' dir='ltr' id='par_1_19' title="bbox 102 3126 1206 3216">
     <span class='ocr_line' id='line_1_35' title="bbox 102 3126 1206 3216; baseline -0.005 -20"><span class='ocrx_word' id='word_1_282' title='bbox 102 3130 246 3216; x_wconf 82' lang='lat' dir='ltr'>ingredi,</span> <span class='ocrx_word' id='word_1_283' title='bbox 273 3151 356 3216; x_wconf 88' lang='lat' dir='ltr'>quae</span> <span class='ocrx_word' id='word_1_284' title='bbox 383 3130 519 3196; x_wconf 89' lang='lat' dir='ltr'>dueatur</span> <span class='ocrx_word' id='word_1_285' title='bbox 545 3154 584 3196; x_wconf 87' lang='lat' dir='ltr'>ex</span> <span class='ocrx_word' id='word_1_286' title='bbox 610 3145 725 3196; x_wconf 83' lang='lat' dir='ltr'>natura</span> <span class='ocrx_word' id='word_1_287' title='bbox 750 3130 916 3195; x_wconf 87' lang='lat' dir='ltr'>hominum</span> <span class='ocrx_word' id='word_1_288' title='bbox 943 3137 1040 3210; x_wconf 89' lang='lat' dir='ltr'>atque</span> <span class='ocrx_word' id='word_1_289' title='bbox 1063 3126 1206 3190; x_wconf 89' lang='lat' dir='ltr'>omnium</span> 
     </span>
    </p>
   </div>
   <div class='ocr_carea' id='block_1_19' title="bbox 106 3214 1206 3369">
    <p class='ocr_par' dir='ltr' id='par_1_20' title="bbox 106 3214 1206 3369">
     <span class='ocr_line' id='line_1_36' title="bbox 106 3214 1206 3294; baseline -0.01 -12"><span class='ocrx_word' id='word_1_290' title='bbox 106 3214 273 3282; x_wconf 74' lang='lat' dir='ltr'>sensibus?</span> <span class='ocrx_word' id='word_1_291' title='bbox 295 3220 404 3276; x_wconf 84' lang='lat' dir='ltr'>Iulius</span> <span class='ocrx_word' id='word_1_292' title='bbox 417 3219 621 3277; x_wconf 81' lang='lat' dir='ltr'>Severianus</span> <span class='ocrx_word' id='word_1_293' title='bbox 637 3239 730 3294; x_wconf 85' lang='lat' dir='ltr'>praee.</span> <span class='ocrx_word' id='word_1_294' title='bbox 743 3226 794 3277; x_wconf 84' lang='lat' dir='ltr'>art.</span> <span class='ocrx_word' id='word_1_295' title='bbox 807 3222 878 3276; x_wconf 86' lang='lat' dir='ltr'>rhet.</span> <span class='ocrx_word' id='word_1_296' title='bbox 892 3219 916 3290; x_wconf 63' lang='grc' dir='ltr'>ᾗ.</span> <span class='ocrx_word' id='word_1_297' title='bbox 929 3217 972 3273; x_wconf 88' lang='grc'>18.</span> <span class='ocrx_word' id='word_1_298' title='bbox 984 3235 1012 3288; x_wconf 89' lang='lat' dir='ltr'>p.</span> <span class='ocrx_word' id='word_1_299' title='bbox 1025 3216 1085 3287; x_wconf 82' lang='lat'>365,</span> <span class='ocrx_word' id='word_1_300' title='bbox 1098 3215 1134 3272; x_wconf 82' lang='lat'>14</span> <span class='ocrx_word' id='word_1_301' title='bbox 1144 3231 1206 3288; x_wconf 88' lang='lat' dir='ltr'>sqq.</span> 
     </span>
     <span class='ocr_line' id='line_1_37' title="bbox 106 3296 598 3369; baseline 0.004 -17"><span class='ocrx_word' id='word_1_302' title='bbox 106 3298 155 3352; x_wconf 87' lang='lat' dir='ltr'>ed.</span> <span class='ocrx_word' id='word_1_303' title='bbox 168 3296 260 3352; x_wconf 83' lang='lat' dir='ltr'>Halm.</span> <span class='ocrx_word' id='word_1_304' title='bbox 273 3297 310 3353; x_wconf 86' lang='lat' dir='ltr'>ef.</span> <span class='ocrx_word' id='word_1_305' title='bbox 323 3314 408 3369; x_wconf 88' lang='lat' dir='ltr'>supra</span> <span class='ocrx_word' id='word_1_306' title='bbox 418 3317 447 3369; x_wconf 90' lang='lat' dir='ltr'>p.</span> <span class='ocrx_word' id='word_1_307' title='bbox 459 3300 503 3354; x_wconf 78' lang='lat'>36.</span> <span class='ocrx_word' id='word_1_308' title='bbox 516 3317 543 3354; x_wconf 88' lang='lat' dir='ltr'>n.</span> <span class='ocrx_word' id='word_1_309' title='bbox 556 3301 598 3355; x_wconf 77' lang='lat'>27.</span> 
     </span>
    </p>
   </div>
   <div class='ocr_carea' id='block_1_20' title="bbox 104 3376 1208 3624">
    <p class='ocr_par' dir='ltr' id='par_1_21' title="bbox 104 3376 1208 3624">
     <span class='ocr_line' id='line_1_38' title="bbox 175 3376 1208 3456; baseline -0.007 -16"><span class='ocrx_word' id='word_1_310' title='bbox 175 3376 227 3440; x_wconf 82' lang='lat'>62.</span> <span class='ocrx_word' id='word_1_311' title='bbox 249 3383 399 3439; x_wconf 83' lang='lat' dir='ltr'>dominatio</span> <span class='ocrx_word' id='word_1_312' title='bbox 410 3383 522 3456; x_wconf 79' lang='lat' dir='ltr'>generis</span> <span class='ocrx_word' id='word_1_313' title='bbox 537 3383 677 3454; x_wconf 83' lang='lat' dir='ltr'>feminini,</span> <span class='ocrx_word' id='word_1_314' title='bbox 693 3388 726 3437; x_wconf 90' lang='lat' dir='ltr'>ut</span> <span class='ocrx_word' id='word_1_315' title='bbox 735 3383 912 3454; x_wconf 81' lang='lat' dir='ltr'>plerumque3</span> <span class='ocrx_word' id='word_1_316' title='bbox 930 3378 1075 3436; x_wconf 77' lang='lat' dir='ltr'>masculini</span> <span class='ocrx_word' id='word_1_317' title='bbox 1087 3378 1125 3433; x_wconf 92' lang='lat' dir='ltr'>M.</span> <span class='ocrx_word' id='word_1_318' title='bbox 1140 3378 1208 3434; x_wconf 85' lang='lat' dir='ltr'>Tul·</span> 
     </span>
     <span class='ocr_line' id='line_1_39' title="bbox 104 3460 1208 3546; baseline 0.002 -22"><span class='ocrx_word' id='word_1_319' title='bbox 104 3470 160 3524; x_wconf 88' lang='lat' dir='ltr'>lius</span> <span class='ocrx_word' id='word_1_320' title='bbox 173 3467 210 3524; x_wconf 87' lang='lat' dir='ltr'>de</span> <span class='ocrx_word' id='word_1_321' title='bbox 221 3483 253 3523; x_wconf 88' lang='lat' dir='ltr'>re</span> <span class='ocrx_word' id='word_1_322' title='bbox 265 3467 342 3539; x_wconf 87' lang='lat' dir='ltr'>publ.</span> <span class='ocrx_word' id='word_1_323' title='bbox 360 3468 408 3523; x_wconf 91' lang='lat' dir='ltr'>lib.</span> <span class='ocrx_word' id='word_1_324' title='bbox 421 3470 445 3523; x_wconf 94' lang='grc' dir='ltr'>Ι.</span> <span class='ocrx_word' id='word_1_325' title='bbox 458 3469 492 3538; x_wconf 68' lang='lat'>(5.</span> <span class='ocrx_word' id='word_1_326' title='bbox 505 3469 560 3538; x_wconf 78' lang='grc'>59.)</span> <span class='ocrx_word' id='word_1_327' title='bbox 572 3475 601 3524; x_wconf 88' lang='lat' dir='ltr'>et</span> <span class='ocrx_word' id='word_1_328' title='bbox 616 3469 652 3524; x_wconf 86' lang='lat' dir='ltr'>de</span> <span class='ocrx_word' id='word_1_329' title='bbox 663 3467 764 3524; x_wconf 85' lang='lat' dir='ltr'>officiis</span> <span class='ocrx_word' id='word_1_330' title='bbox 782 3467 831 3522; x_wconf 85' lang='lat' dir='ltr'>lib.</span> <span class='ocrx_word' id='word_1_331' title='bbox 843 3467 872 3521; x_wconf 84' lang='lat'>1:</span> <span class='ocrx_word' id='word_1_332' title='bbox 893 3481 1030 3546; x_wconf 82' lang='lat' dir='ltr'>quorum</span> <span class='ocrx_word' id='word_1_333' title='bbox 1054 3471 1102 3526; x_wconf 91' lang='lat' dir='ltr'>est</span> <span class='ocrx_word' id='word_1_334' title='bbox 1127 3460 1208 3527; x_wconf 80' lang='lat' dir='ltr'>levis</span> 
     </span>
     <span class='ocr_line' id='line_1_40' title="bbox 104 3547 947 3624; baseline -0.012 -8"><span class='ocrx_word' id='word_1_335' title='bbox 104 3549 244 3623; x_wconf 84' lang='lat' dir='ltr'>fructus,</span> <span class='ocrx_word' id='word_1_336' title='bbox 261 3548 402 3614; x_wconf 88' lang='lat' dir='ltr'>incertus</span> <span class='ocrx_word' id='word_1_337' title='bbox 421 3547 613 3614; x_wconf 86' lang='lat' dir='ltr'>dominatus.</span> <span class='ocrx_word' id='word_1_338' title='bbox 649 3553 779 3610; x_wconf 87' lang='lat' dir='ltr'>Nonius</span> <span class='ocrx_word' id='word_1_339' title='bbox 790 3570 818 3624; x_wconf 90' lang='lat' dir='ltr'>p.</span> <span class='ocrx_word' id='word_1_340' title='bbox 831 3552 892 3621; x_wconf 79' lang='lat'>203,</span> <span class='ocrx_word' id='word_1_341' title='bbox 904 3551 947 3607; x_wconf 85' lang='grc'>19.</span> 
     </span>
    </p>
   </div>
   <div class='ocr_carea' id='block_1_21' title="bbox 103 3640 1209 3882">
    <p class='ocr_par' dir='ltr' id='par_1_22' title="bbox 103 3640 1209 3882">
     <span class='ocr_line' id='line_1_41' title="bbox 171 3640 1208 3720; baseline -0.009 -12"><span class='ocrx_word' id='word_1_342' title='bbox 171 3640 227 3707; x_wconf 84' lang='grc'>63.</span> <span class='ocrx_word' id='word_1_343' title='bbox 252 3647 377 3720; x_wconf 83' lang='lat' dir='ltr'>dialyton</span> <span class='ocrx_word' id='word_1_344' title='bbox 386 3652 430 3703; x_wconf 86' lang='lat' dir='ltr'>est</span> <span class='ocrx_word' id='word_1_345' title='bbox 438 3647 526 3704; x_wconf 86' lang='lat' dir='ltr'>oratio</span> <span class='ocrx_word' id='word_1_346' title='bbox 536 3664 609 3720; x_wconf 88' lang='lat' dir='ltr'>quae</span> <span class='ocrx_word' id='word_1_347' title='bbox 619 3648 678 3704; x_wconf 86' lang='lat' dir='ltr'>sine</span> <span class='ocrx_word' id='word_1_348' title='bbox 688 3646 925 3703; x_wconf 81' lang='lat' dir='ltr'>coniunctionibus</span> <span class='ocrx_word' id='word_1_349' title='bbox 937 3644 1208 3717; x_wconf 86' lang='lat' dir='ltr'>soluteaesimplioi-</span> 
     </span>
     <span class='ocr_line' id='line_1_42' title="bbox 103 3719 1209 3796; baseline -0.006 -15"><span class='ocrx_word' id='word_1_350' title='bbox 103 3731 148 3781; x_wconf 89' lang='lat' dir='ltr'>ter</span> <span class='ocrx_word' id='word_1_351' title='bbox 166 3724 285 3781; x_wconf 85' lang='lat' dir='ltr'>effertur</span> <span class='ocrx_word' id='word_1_352' title='bbox 300 3724 377 3779; x_wconf 89' lang='lat' dir='ltr'>nulla</span> <span class='ocrx_word' id='word_1_353' title='bbox 392 3724 583 3781; x_wconf 84' lang='lat' dir='ltr'>coniunctione</span> <span class='ocrx_word' id='word_1_354' title='bbox 599 3723 764 3796; x_wconf 87' lang='lat' dir='ltr'>interposita</span> <span class='ocrx_word' id='word_1_355' title='bbox 780 3722 913 3796; x_wconf 87' lang='lat' dir='ltr'>superiori</span> <span class='ocrx_word' id='word_1_356' title='bbox 930 3724 1080 3791; x_wconf 83' lang='lat' dir='ltr'>contraria,</span> <span class='ocrx_word' id='word_1_357' title='bbox 1092 3727 1123 3775; x_wconf 91' lang='lat' dir='ltr'>ut</span> <span class='ocrx_word' id='word_1_358' title='bbox 1134 3719 1209 3791; x_wconf 87' lang='lat' dir='ltr'>apud</span> 
     </span>
     <span class='ocr_line' id='line_1_43' title="bbox 105 3793 1165 3882; baseline -0.006 -25"><span class='ocrx_word' id='word_1_359' title='bbox 105 3801 249 3858; x_wconf 85' lang='lat' dir='ltr'>Tullium:</span> <span class='ocrx_word' id='word_1_360' title='bbox 262 3795 391 3882; x_wconf 81' lang='lat' dir='ltr'>pertulit</span> <span class='ocrx_word' id='word_1_361' title='bbox 409 3796 571 3882; x_wconf 78' lang='lat' dir='ltr'>cogitavit.</span> <span class='ocrx_word' id='word_1_362' title='bbox 606 3801 790 3857; x_wconf 90' lang='lat' dir='ltr'>Diomedes</span> <span class='ocrx_word' id='word_1_363' title='bbox 800 3819 829 3873; x_wconf 87' lang='lat' dir='ltr'>p.</span> <span class='ocrx_word' id='word_1_364' title='bbox 840 3800 901 3856; x_wconf 81' lang='lat'>443.</span> <span class='ocrx_word' id='word_1_365' title='bbox 913 3799 946 3854; x_wconf 91' lang='lat' dir='ltr'>P.</span> <span class='ocrx_word' id='word_1_366' title='bbox 959 3818 987 3871; x_wconf 92' lang='lat' dir='ltr'>p.</span> <span class='ocrx_word' id='word_1_367' title='bbox 1000 3799 1061 3866; x_wconf 81' lang='lat'>448,</span> <span class='ocrx_word' id='word_1_368' title='bbox 1073 3797 1115 3852; x_wconf 91' lang='grc'>10.</span> <span class='ocrx_word' id='word_1_369' title='bbox 1127 3793 1165 3851; x_wconf 90' lang='grc' dir='ltr'>Κ.</span> 
     </span>
    </p>
   </div>
   <div class='ocr_carea' id='block_1_22' title="bbox 7 3887 1211 4147">
    <p class='ocr_par' dir='ltr' id='par_1_23' title="bbox 7 3887 1211 4147">
     <span class='ocr_line' id='line_1_44' title="bbox 172 3887 1211 3968; baseline -0.014 -12"><span class='ocrx_word' id='word_1_370' title='bbox 172 3889 228 3956; x_wconf 87' lang='grc'>64.</span> <span class='ocrx_word' id='word_1_371' title='bbox 252 3896 443 3968; x_wconf 80' lang='lat' dir='ltr'>antapodosis,</span> <span class='ocrx_word' id='word_1_372' title='bbox 466 3898 594 3966; x_wconf 87' lang='lat' dir='ltr'>quotiens</span> <span class='ocrx_word' id='word_1_373' title='bbox 618 3895 712 3952; x_wconf 88' lang='lat' dir='ltr'>media</span> <span class='ocrx_word' id='word_1_374' title='bbox 734 3895 830 3967; x_wconf 84' lang='lat' dir='ltr'>primis</span> <span class='ocrx_word' id='word_1_375' title='bbox 854 3899 883 3949; x_wconf 90' lang='lat' dir='ltr'>et</span> <span class='ocrx_word' id='word_1_376' title='bbox 904 3893 1008 3948; x_wconf 89' lang='lat' dir='ltr'>ultimis</span> <span class='ocrx_word' id='word_1_377' title='bbox 1033 3887 1211 3945; x_wconf 83' lang='lat' dir='ltr'>conveniunt:</span> 
     </span>
     <span class='ocr_line' id='line_1_45' title="bbox 7 3967 1210 4062; baseline -0.012 -18"><span class='ocrx_word' id='word_1_378' title='bbox 7 3996 18 4036; x_wconf 72' lang='grc' dir='ltr'>ι·</span> <span class='ocrx_word' id='word_1_379' title='bbox 109 3989 255 4043; x_wconf 85' lang='lat' dir='ltr'>vestrum</span> <span class='ocrx_word' id='word_1_380' title='bbox 271 3975 337 4042; x_wconf 88' lang='lat' dir='ltr'>iam</span> <span class='ocrx_word' id='word_1_381' title='bbox 359 3975 421 4042; x_wconf 88' lang='lat' dir='ltr'>hoc</span> <span class='ocrx_word' id='word_1_382' title='bbox 436 3975 558 4042; x_wconf 85' lang='lat' dir='ltr'>factum</span> <span class='ocrx_word' id='word_1_383' title='bbox 574 3974 788 4062; x_wconf 88' lang='lat' dir='ltr'>reprehendo,</span> <span class='ocrx_word' id='word_1_384' title='bbox 811 3984 918 4060; x_wconf 87' lang='lat' dir='ltr'>patres</span> <span class='ocrx_word' id='word_1_385' title='bbox 936 3967 1121 4053; x_wconf 84' lang='lat' dir='ltr'>conscripti,</span> <span class='ocrx_word' id='word_1_386' title='bbox 1144 3988 1210 4031; x_wconf 86' lang='lat' dir='ltr'>non</span> 
     </span>
     <span class='ocr_line' id='line_1_46' title="bbox 109 4051 1211 4147; baseline -0.013 -18"><span class='ocrx_word' id='word_1_387' title='bbox 109 4085 235 4141; x_wconf 88' lang='lat' dir='ltr'>meum,</span> <span class='ocrx_word' id='word_1_388' title='bbox 262 4081 301 4127; x_wconf 87' lang='lat' dir='ltr'>ac</span> <span class='ocrx_word' id='word_1_389' title='bbox 326 4060 575 4147; x_wconf 87' lang='lat' dir='ltr'>pulcherrimum</span> <span class='ocrx_word' id='word_1_390' title='bbox 598 4062 728 4146; x_wconf 86' lang='lat' dir='ltr'>quidem</span> <span class='ocrx_word' id='word_1_391' title='bbox 755 4059 892 4135; x_wconf 84' lang='lat' dir='ltr'>factum,</span> <span class='ocrx_word' id='word_1_392' title='bbox 919 4076 1044 4129; x_wconf 89' lang='lat' dir='ltr'>verum,</span> <span class='ocrx_word' id='word_1_393' title='bbox 1071 4062 1108 4117; x_wconf 90' lang='lat' dir='ltr'>ut</span> <span class='ocrx_word' id='word_1_394' title='bbox 1133 4051 1211 4128; x_wconf 86' lang='lat' dir='ltr'>dixi,</span> 
     </span>
    </p>
   </div>
   <div class='ocr_carea' id='block_1_23' title="bbox 0 0 1371 4554">
    <p class='ocr_par' dir='ltr' id='par_1_24' title="bbox 0 0 1371 4554">
     <span class='ocr_line' id='line_1_47' title="bbox 0 0 1371 4554; baseline 0 0"><span class='ocrx_word' id='word_1_395' title='bbox 0 0 1371 4554; x_wconf 95' lang='lat' dir='ltr'> </span> 
     </span>
    </p>
   </div>
  </div>
 </body>
</html>
