2714 4554
137 293 142 300 ·
208 266 495 326 omrroramm
508 266 876 333 ouaumaxsmrum
886 269 978 324 mer
991 269 1068 324 1-3.
1125 253 1187 322 157

109 405 140 460 ut
163 391 198 458 iis
223 391 285 457 nisi
312 413 429 477 magna
455 390 681 470 sollieitudine,
708 391 879 469 industria,
911 391 1028 458 virtute
1055 413 1120 460 non

29 524 30 527 ¹
109 497 193 572 queat
207 484 321 574 resisti.
365 496 398 552 et
418 485 617 573 singulorum
636 506 713 573 opes
736 507 831 571 saepe
854 495 929 550 sunt
950 496 1063 554 tenues
1087 497 1149 553 ets

111 583 236 648 infimae
258 580 302 646 ad
323 579 458 666 gratiam
480 580 696 660 referendam,
718 591 757 646 ut
777 580 925 666 opitulari
948 579 1030 648 benc
1052 602 1120 648 me·

27 727 29 764 ,
111 677 235 742 rentibus
252 686 430 758 nequeant,
453 675 480 739 si
498 674 637 741 maxime
654 675 798 761 cupiant:
822 675 1044 742 universorum
1062 696 1120 739 au·

27 766 28 792 ¹
108 770 205 837 xilium
229 770 404 857 plurimum
435 769 579 854 prodest,
614 790 684 854 quo
704 769 897 835 firmioribus
924 769 1039 856 opibus
1071 778 1120 834 est

108 867 213 931 nixum.
256 864 327 930 iure
353 863 466 950 igitur,
492 863 644 948 quoniam
666 874 698 929 et
723 864 825 929 maior
840 863 986 950 impensa
1006 863 1041 928 in
1062 884 1120 949 pa·
1196 939 1197 944 γ

108 959 187 1024 triam
203 957 301 1023 officii
324 958 410 1024 facte
431 968 481 1024 est
501 979 600 1042 quam
620 957 653 1023 in
675 958 801 1045 privata
821 958 857 1023 fit
879 957 1065 1025 defensione
1087 969 1120 1024 et

107 1053 167 1138 plus
188 1075 208 1118 a
228 1052 321 1119 vobis
347 1051 498 1139 praesidii
524 1072 621 1136 quam
643 1053 798 1118 coeteris
821 1053 891 1139 opis
914 1053 957 1118 ad
983 1053 1119 1120 salutem

106 1157 198 1234 potest
214 1148 343 1224 adferri,
362 1169 420 1214 vos
437 1147 589 1227 obtestor,
606 1168 687 1233 quos
704 1147 783 1213 mihi
800 1159 832 1214 et
845 1148 961 1216 debere
976 1160 1009 1215 et
1024 1172 1119 1235 posse

106 1245 235 1330 intelligo
253 1245 413 1331 opitulari.
449 1266 515 1311 non
533 1243 682 1310 convenit
699 1243 798 1322 enim,
817 1264 892 1310 oum
908 1264 970 1328 ego
988 1243 1031 1309 ad
1048 1265 1120 1329 pro·
1138 1257 1150 1293 ⁶

105 1339 279 1406 merendum
306 1338 450 1405 officium
477 1351 543 1405 tam
569 1338 686 1407 fuerim
704 1339 885 1426 expeditus,
908 1359 965 1405 vos
983 1338 1025 1403 ad
1048 1360 1122 1422 gra-

105 1435 172 1500 tiam
187 1434 390 1501 referendam
407 1456 477 1500 esse
495 1434 664 1512 tardiores,
686 1457 741 1512 ne,
764 1433 856 1500 ouius
878 1432 1121 1520 amplitudinem

105 1537 133 1593 et
154 1527 286 1614 gloriam
310 1527 406 1594 laude
433 1539 529 1612 atque
555 1527 729 1594 honoribus
751 1528 943 1614 amplificare
967 1527 1120 1604 debeatis,

106 1622 166 1687 eius
189 1622 441 1688 incolumitatem
467 1633 499 1689 et
526 1623 661 1690 salutem
689 1623 898 1690 deserendam
925 1623 1156 1689 existimetis.3

105 1717 214 1782 etenim
237 1729 339 1794 errat,
370 1717 399 1781 si
424 1717 481 1800 qui
506 1717 678 1783 arbitratur
702 1719 751 1782 M.
775 1717 918 1784 Tullium
944 1717 1062 1783 idcirco
1089 1717 1122 1782 in
1143 1718 1144 1721 ’

106 1810 269 1895 pericnlum
293 1810 409 1896 capitis
431 1811 554 1889 vocari,
582 1812 669 1896 quod
686 1812 855 1896 deliquerit
872 1811 1008 1896 aliquid,
1035 1812 1122 1896 quod

106 1903 229 1989 patriam
245 1905 391 1983 laeserit,
413 1906 501 1990 quod
521 1906 666 1992 improbe
683 1906 811 1972 vixerit:
833 1929 897 1972 non
916 1907 1031 1972 citatur
1048 1928 1121 1972 reus

107 1999 260 2066 audaciae:
283 1999 413 2065 virtutis
430 2022 503 2065 reus
522 2000 652 2078 citatum
674 2023 738 2066 non
756 2012 934 2078 accusatur,
951 2001 1038 2086 quod
1055 2024 1123 2067 rem

107 2091 254 2176 publicam
272 2093 309 2160 vi
330 2094 537 2180 oppugnarit,
556 2095 614 2160 sed
631 2095 718 2180 quod
734 2095 830 2161 bomo
848 2117 950 2162 novus
967 2095 1123 2180 pernicio·

107 2209 169 2251 sum
184 2188 341 2254 nobilium
358 2187 539 2254 restinxerit
555 2188 706 2254 furorem.
732 2211 797 2254 non
810 2189 900 2255 obest
913 2188 992 2254 mihi
1004 2209 1122 2255 nocens

108 2292 136 2346 et
147 2283 254 2369 turpis,
272 2283 333 2349 sed
345 2280 567 2350 honestissime
581 2283 863 2368 laudatissimaque
876 2294 948 2349 acta
961 2283 1036 2348 vita.
1059 2304 1124 2347 non

107 2375 171 2441 odio
187 2376 363 2456 bonorum,
381 2378 438 2443 sed
454 2376 576 2444 invidia
593 2400 720 2464 premor
737 2378 904 2444 malorum.
942 2375 1124 2460 intelligunt
1142 2381 1153 2422 ⁷

106 2469 239 2538 homines
255 2481 308 2537 tot
324 2482 357 2538 et
373 2481 439 2536 tam
460 2471 632 2558 praeclaris
654 2471 841 2537 testimoniis
858 2468 1125 2552 monimentisque

107 2563 221 2630 virtutis
248 2565 442 2650 comparatis
464 2567 513 2630 M.
532 2565 655 2642 Tullio,
682 2564 760 2630 dum
782 2563 823 2630 sit
844 2562 1029 2639 incolumis,
1056 2561 1125 2627 fore

27 2719 28 2734 ,
108 2657 267 2744 voluptati:
291 2658 409 2726 idcireo
427 2659 527 2724 vitam
545 2659 667 2744 eripere
685 2659 833 2744 cupiunt,
855 2658 903 2722 uti
921 2679 994 2723 cum
1012 2655 1125 2742 spiritu

27 2817 28 2822 ,
108 2772 224 2818 sensum
242 2773 375 2838 quoque
392 2753 535 2819 adimant
550 2753 767 2820 iucunditatis.
806 2773 912 2817 nonno
929 2750 1028 2838 igitur
1043 2749 1127 2816 indi-

109 2866 199 2928 gnum
216 2859 266 2914 est
284 2867 341 2928 eos
361 2848 512 2934 praemiis
530 2847 609 2913 meis
626 2847 780 2925 invidere,
798 2847 853 2932 qui
871 2845 986 2912 virtute
1005 2857 1126 2911 certare

109 2938 283 3018 noluerunt,
312 2961 366 3006 eos
383 2941 417 3005 in
435 2941 669 3008 contentionem
687 2941 795 3007 venire
816 2939 960 3017 honoris,
982 2939 1038 3023 qui
1056 2937 1128 3003 offi-

109 3032 160 3096 ciis
176 3057 208 3100 se
226 3034 372 3120 superari
391 3035 497 3101 animo
515 3035 708 3120 aequissimo
727 3034 887 3101 tulerunt?
913 3033 940 3097 si
958 3032 1060 3097 dulcis
1079 3041 1127 3096 est
1205 3111 1206 3114 Ἴ

111 3126 215 3208 gloria,
241 3145 439 3214 consequere
460 3129 626 3196 virtutem:
652 3129 718 3196 noli
735 3129 872 3196 abiicere
888 3126 1029 3203 labores,
1056 3146 1129 3208 per·

112 3219 181 3288 dero
194 3222 362 3290 bonorem:
380 3222 534 3290 honorem
551 3223 642 3290 dico?
662 3223 761 3290 immo
780 3243 856 3290 vero
871 3221 1009 3296 famam,
1027 3217 1129 3283 fortu-

112 3335 179 3393 nas,
203 3315 370 3395 familiam,
396 3315 528 3394 liberos,
554 3328 665 3403 caput,
693 3340 824 3404 corpus,
854 3315 962 3402 ipsum
990 3310 1128 3395 denique

110 3409 291 3494 sanguinem
309 3421 342 3476 et
359 3411 508 3476 animam.
544 3411 628 3476 -eedo
645 3411 765 3476 invitus
783 3410 823 3475 de
839 3431 874 3476 re
892 3407 1031 3495 publica,
1049 3404 1129 3471 oedo

108 3523 273 3588 oppressus
291 3505 332 3570 de
349 3503 489 3583 fortuna,
507 3504 547 3570 de
561 3504 716 3592 dignitate
722 3529 731 3582 3
751 3503 879 3570 discedo
893 3501 935 3567 ab
948 3524 983 3568 re
999 3500 1130 3588 publica

109 3596 205 3663 victus
231 3597 369 3680 audacia
393 3597 561 3664 malorum.
605 3598 701 3664 liceat
727 3620 870 3675 manere,
897 3597 923 3660 si
948 3618 1013 3662 non
1038 3595 1160 3661 illum8

108 3688 154 3754 Μ.
170 3691 331 3770 Tullium,
357 3692 524 3759 custodem
541 3691 645 3770 urbis,
672 3692 872 3758 defensorem
890 3691 1047 3766 omnium,
1073 3711 1131 3774 pa-

108 3792 184 3850 trem
201 3784 336 3872 patriae,
354 3797 386 3850 at
404 3797 490 3852 certe
506 3787 657 3870 reliquias
665 3785 763 3851 Tullii
768 3810 778 3864 3
796 3786 890 3852 liceat
906 3787 940 3850 in
958 3791 1132 3868 conspectu

27 3929 29 3972 ᾖ
109 3878 232 3957 civium,
249 3880 284 3946 in
301 3880 362 3946 bao
379 3881 469 3960 urbe,
487 3903 585 3967 quam
602 3904 642 3949 ex
659 3881 888 3969 parricidarum
906 3879 1053 3945 faucibus
1071 3873 1131 3939 eri-
1207 3883 1210 3890 '

27 3977 28 3984 ’
110 3973 188 4056 quit,
210 3996 389 4054 remanere,
408 3985 493 4044 tecta
509 3977 667 4055 omnium,
684 3978 761 4043 fana
778 3976 927 4052 deorum,
948 3971 1131 4037 universam

112 4065 213 4135 videre
230 4068 364 4156 periculi
372 4067 562 4161 (expertem)
572 4071 747 4149 civitatem3
764 4070 859 4136 liceat
872 4091 914 4136 ex
930 4066 992 4132 hac
1003 4063 1132 4130 flamma
