2674 4558
152 233 194 299 66
495 245 533 299 Μ.
552 244 687 302 TULLII
705 241 904 302 CICERONIS
1324 297 1328 374 ι

173 416 176 424 ,
217 370 270 436 89.
294 374 435 448 aripennis
450 372 551 431 dicitur
562 374 638 444 quod
654 373 757 430 aliiest
774 373 1055 443 coniunctum,quasi
1069 371 1252 442 exaliopen·
1327 397 1328 408 r

153 463 227 518 dest.
263 460 302 516 M.
315 461 425 516 Tullius
440 460 471 514 in
482 458 644 515 Hortensio:
667 454 748 520 vidit
766 456 861 530 enim,
881 452 968 538 quod
986 452 1159 519 videndum
1176 451 1253 528 fuit,

152 541 367 682 hdpinffioei}
386 539 482 677 qnimi
506 562 575 606 esse
594 560 710 625 corpus
728 541 870 624 nihilque
888 561 959 606 esse
975 539 1010 603 in
1027 563 1065 605 eo
1083 559 1252 624 magnum.

185 640 281 679 onius
314 664 320 676 .
407 664 413 676 .

217 695 269 760 90.
292 643 623 771 hanc’contemplativam
639 699 804 770 sapientiam
821 697 918 755 Cicero
934 697 1131 755 commendans
1146 696 1177 752 in
1192 695 1252 752 fine
1328 677 1329 748 i

152 786 258 859 dialogi
274 783 417 839 Hortensii
437 800 519 862 quae
541 779 634 844 nobis
652 784 744 854 inquit
766 779 833 844 dies
856 779 1022 863 noctisque
1045 776 1254 844 consideran·

153 867 238 934 tibus
260 863 512 948 acuentibusque
534 864 798 950 intellegentiam,
827 886 909 949 quae
937 877 984 931 est
1009 865 1125 929 mentis
1152 863 1253 940 acies,

154 950 404 1034 caventibusque
421 972 462 1015 ne
485 949 613 1034 quando
631 949 686 1015 illa
702 951 863 1028 hebescat,
880 950 914 1015 id
932 950 1030 1015 estin
1047 949 1254 1051 philosophia

152 1037 349 1112 viventibus,
367 1058 485 1122 magna
503 1057 575 1121 spes
594 1047 657 1114 est,
675 1048 731 1102 aut
748 1036 774 1101 si
794 1037 869 1113 hoc,
891 1057 956 1120 quo
975 1047 1128 1101 sentimus
1147 1047 1178 1102 et
1196 1057 1253 1100 sa·
1329 1079 1330 1104 1

152 1123 272 1210 pimus,
299 1122 433 1187 mortale
451 1133 483 1186 et
505 1121 663 1187 caducum
680 1136 742 1198 est,
768 1121 944 1186 iucundum
962 1120 1054 1186 nobis
1072 1120 1254 1206 perfunctis
1329 1127 1330 1130 ’

151 1208 338 1274 muneribus
360 1207 509 1272 humanis
526 1228 674 1272 occasum
695 1229 800 1292 neque
816 1207 984 1273 molestam
1006 1207 1249 1272 exstinctionem

153 1305 186 1359 et
202 1293 294 1378 quasi
311 1291 451 1376 quietem
468 1292 553 1358 vitae
575 1293 658 1370 fore,
685 1306 742 1358 aut
764 1293 805 1370 si,
832 1303 869 1357 ut
890 1293 1027 1377 antiquis
1050 1290 1251 1378 philosophis

151 1379 254 1462 iisque
272 1378 419 1442 maximis
435 1379 596 1464 longeque
614 1379 795 1444 clarissimis
813 1378 942 1464 placuit,
961 1388 1105 1443 aeternos
1124 1378 1251 1442 animos
1330 1413 1331 1454 3

154 1488 192 1530 ac
206 1465 329 1530 divinos
348 1463 514 1542 habemus,
531 1464 576 1529 sio
590 1463 837 1546 existimandum
851 1474 909 1542 est,
927 1485 991 1549 quo
1004 1463 1107 1550 magis
1126 1463 1160 1527 hi
1177 1462 1252 1528 fue-

152 1551 216 1616 rint
237 1572 362 1635 semper
386 1549 419 1613 in
445 1571 503 1614 suo
526 1571 637 1626 cursu,
663 1549 698 1613 id
724 1561 773 1615 est
792 1549 826 1614 in
844 1550 966 1614 ratione
984 1560 1017 1615 et
1033 1547 1249 1634 investigandi

153 1635 339 1720 cupiditate,
363 1647 395 1698 et
412 1655 477 1716 quo
496 1635 600 1698 miuus
618 1655 653 1698 se
677 1634 902 1700 admiscuerint
921 1646 1017 1718 atque
1034 1633 1249 1720 implicuerint
1331 1693 1332 1710 ,

151 1719 316 1784 hominum
333 1719 469 1784 uitiiset
491 1718 665 1797 erroribus,
692 1719 754 1784 hoo
775 1720 815 1784 iis
836 1719 1012 1786 faciliorem
1030 1742 1197 1784 ascensum
1215 1729 1249 1785 et
1331 1713 1332 1800 J

151 1804 288 1869 reditum
306 1805 339 1867 in
356 1803 481 1869 caelum
499 1803 577 1868 fore.
613 1810 714 1890 deinde
730 1811 835 1865 addens
851 1811 924 1866 hanc
935 1811 1025 1882 ipsam
1041 1811 1193 1866 clausulam
1204 1827 1249 1865 re·

151 1895 326 1967 potandoque
338 1910 490 1949 sermonem
501 1894 600 1949 finiens
623 1902 817 1976 quapropter
834 1897 935 1969 inquit,
949 1901 984 1956 ut
1000 1891 1171 1976 aliquando
1185 1902 1251 1956 ter·

150 1976 290 2040 minetur
306 1974 421 2048 oratio,
444 1974 472 2037 si
495 1984 551 2038 aut
569 1975 729 2060 exstingui
747 1978 918 2060 tranquille
936 1976 1100 2053 volumus,
1122 1998 1196 2041 cum
1214 1977 1250 2041 in

151 2061 200 2130 his
227 2061 348 2126 artibus
373 2059 561 2137 vixerimus,
589 2072 645 2126 mu
669 2060 696 2125 si
719 2084 759 2128 ex
781 2061 898 2127 bacin
921 2063 1017 2128 aliam
1039 2060 1126 2126 baud
1150 2063 1249 2147 paulo
1332 2117 1333 2126 .

150 2145 313 2211 meliorem
332 2146 461 2209 domum
478 2145 546 2210 siue
568 2167 658 2210 mora
682 2147 875 2233 demigrare,
897 2149 931 2212 in
953 2146 1002 2211 his
1025 2148 1138 2212 studiis
1155 2147 1252 2212 nobis

151 2230 253 2296 omnis
275 2252 373 2368 opera
400 2240 432 2295 et
459 2233 707 2317 cumponenda
734 2246 792 2298 est.
839 2238 1053 2312 Augustinus
1081 2238 1116 2294 ds
1144 2236 1247 2294 Trinit.

150 2312 229 2384 xiv,
242 2314 285 2385 19,
297 2317 304 2342 r
314 2315 339 2368 e.
353 2311 389 2369 sf.
403 2311 460 2368 on.
474 2313 559 2369 ruse.
571 2314 642 2386 usp.
655 2315 679 2385 1,
692 2315 734 2370 aa.

254 2393 364 2460 orobos]
379 2391 488 2445 artubus
499 2389 631 2447 Claudius
644 2392 824 2448 Taurinensis
837 2394 982 2464 episcopus
993 2392 1022 2446 in
1034 2391 1206 2463 praefatione
1218 2394 1248 2448 in

287 2459 497 2516 commentarios
518 2477 581 2515 euos
601 2462 639 2515 ad
660 2462 791 2533 epistolas
811 2461 895 2516 Pauli
915 2479 933 2518 a
953 2461 1042 2516 ostoli.
1078 2461 1161 2532 (Aug.
1178 2461 1249 2518 Maii

289 2528 400 2600 Scriptt.
412 2533 479 2584 vett.
492 2546 563 2585 nova
575 2531 637 2586 coll.
651 2547 666 2585 e
679 2531 759 2586 codd.
771 2531 916 2587 Vaticanis
928 2481 993 2586 iil.
1006 2548 1034 2600 p.
1047 2529 1099 2584 274
1111 2536 1161 2602 sq.)

215 2617 267 2684 91.
290 2625 410 2680 necdum
418 2625 480 2696 sois,
494 2631 627 2694 quantum
637 2626 741 2695 ubique
756 2641 806 2680 nos
818 2625 932 2680 adiuvet
943 2625 1146 2695 (philosophia),
1166 2642 1249 2696 quem

150 2710 187 2765 ad
198 2709 310 2764 modum
323 2716 355 2770 et
367 2705 400 2768 in
414 2705 571 2783 maximis,
590 2716 621 2765 ut
632 2709 773 2766 Ciceronis
784 2715 846 2765 utar
856 2709 951 2780 verbo,
975 2704 1147 2788 opituletur
1166 2719 1197 2772 et
1213 2708 1250 2772 in

150 2787 282 2884 minima
295 2789 476 2854 descendat.
524 2795 653 2850 Seneca
675 2812 719 2866 ep.
744 2796 791 2865 17,
815 2795 840 2849 2.
880 2793 928 2848 Ad
950 2793 1130 2850 Hortensium
1151 2798 1251 2853 retulit

150 2870 271 3004 Llpii}
289 2945 328 3000 M.
341 2946 450 3001 Tullius
466 2946 496 3000 in
510 2944 658 3002 Hortensio
676 2947 756 3016 dicit,
774 2947 848 3018 qnod
866 2940 968 3006 omnis
990 2952 1098 3008 noster
1123 2943 1250 3011 intelle-

151 3037 220 3092 otus
238 3026 346 3090 multis
364 3025 538 3090 obstruitur
555 3025 805 3092 difficultatibus.
832 3031 1000 3104 Rogerius
1011 3032 1142 3090 Bacoin
1155 3033 1249 3105 Opere

149 3109 247 3165 maiori
258 3127 287 3180 p.
299 3109 316 3163 2
328 3108 372 3164 ed.
384 3107 464 3162 Iebb.

215 3181 266 3245 93.
291 3191 355 3240 sunt
371 3190 400 3240 et
415 3185 473 3239 alia
488 3202 642 3256 perpauca,
660 3202 732 3256 quae
749 3185 935 3240 desiderativa
951 3185 1088 3256 dicuntru,
1099 3192 1131 3242 ut
1143 3188 1248 3245 dietum

151 3275 193 3326 est
204 3288 221 3325 a
234 3267 366 3326 Cicerone
379 3271 414 3326 de
430 3268 600 3342 philosophis
612 3266 813 3344 morturiunt,
835 3271 904 3326 mori
926 3272 1093 3327 desiderant.
1132 3274 1247 3348 Augu·

150 3347 258 3402 stinus
271 3347 306 3401 de
351 3348 498 3403 ammatica
510 3347 581 3470 Oppp.
596 3348 638 3403 ed.
651 3347 756 3404 Bened.
768 3348 898 3422 Append.
913 3349 948 3403 Τ.
961 3350 983 3403 l.
996 3367 1024 3421 p.
1036 3350 1077 3404 11.
1091 3355 1158 3405 extr.
1181 3349 1249 3406 Huc

149 3415 245 3470 retulit
254 3415 301 3470 Fr.
336 3416 467 3472 obnsider
477 3417 507 3471 in
543 3433 616 3488 rogr.
630 3417 772 3472 Tremesn.
785 3433 812 3472 a.
824 3417 901 3473 1841.
914 3437 942 3490 p.
956 3417 998 3473 14.

214 3495 267 3560 94.
289 3502 384 3573 itaque
395 3503 546 3559 rectissime
558 3519 575 3558 a
587 3504 742 3559 dialecficis
749 3504 854 3560 dietum
866 3509 909 3559 est
920 3504 1081 3576 ambiguum
1093 3521 1154 3559 esse
1166 3520 1249 3559 omne

150 3577 272 3633 verbum.
307 3595 360 3634 nec
375 3585 485 3634 moveat
504 3581 578 3651 quod
598 3582 673 3651 apud
695 3579 856 3637 Ciceronem
877 3580 1059 3636 calumniatur
1080 3581 1248 3636 Hortensius

150 3657 203 3711 hoc
214 3655 308 3710 modo:
329 3649 481 3737 ambigua
499 3673 532 3716 se
551 3653 640 3717 aiunt
656 3654 766 3720 andire
785 3665 892 3730 acute,
912 3654 1071 3739 explicare
1092 3653 1246 3731 dilucide,

150 3735 227 3802 item
245 3757 338 3802 omne
356 3737 491 3802 verbum
509 3738 695 3823 ambiguum
713 3761 782 3804 esee
801 3739 920 3804 dicunt.
952 3760 1016 3822 quo
1034 3738 1130 3804 modo
1148 3739 1158 3802 i
1182 3739 1247 3804 itur

151 3820 302 3908 ambigua
328 3822 487 3908 ambiguis
514 3823 738 3909 explicabunt?
773 3848 848 3890 nam
875 3824 936 3889 boc
962 3825 1069 3890 estin
1098 3835 1171 3890 tene
1194 3847 1247 3890 ras

151 3908 341 3974 exstinctum
362 3909 472 3975 lumen
493 3908 620 3975 infame.
657 3915 749 3971 facete
770 3915 883 3986 quidem
904 3920 988 3986 atque
1009 3915 1110 3970 callide
1131 3915 1245 3984 dictum,

151 3991 200 4045 sed
215 3991 268 4046 hoo
281 3997 335 4060 est,
351 3992 427 4062 quod
442 3992 518 4063 apud
535 3993 652 4048 eundern
665 3991 826 4048 Ciceronem
838 3989 972 4048 Scaevola
988 3991 1056 4046 dicit
1066 3991 1190 4048 Antonio
1201 3993 1248 4060 (de

150 4071 218 4114 orat.
231 4059 254 4130 1,
266 4060 332 4129 44.):
350 4059 482 4132 ‘denique
494 4066 526 4123 ut
537 4061 708 4133 sapientibus
720 4061 836 4125 diserte,
849 4061 939 4116 stultis
952 4060 1035 4115 etiam
1046 4075 1111 4116 vere
1126 4059 1248 4116 ridearis
