2674 4558
135 241 178 304 74
476 251 515 306 Μ.
535 252 670 310 TULLII
688 246 887 314 CICERONIS

132 373 254 444 impetus
265 373 439 440 rettudisset3
451 386 487 428 ne
499 377 558 426 tum
566 372 679 444 quidem
691 387 720 426 se
733 372 769 427 ab
782 389 816 427 ea
827 371 954 443 fractum,
968 389 1030 427 cum
1042 374 1123 429 domo
1135 375 1240 446 pulsus

133 441 226 514 patria
238 442 370 496 caruerit:
385 447 444 496 tum
456 447 563 510 autem,
581 458 644 496 cum
655 441 780 495 amiserit
791 441 962 495 carissimam
973 441 1073 510 filiam,
1085 443 1190 498 victum
1202 461 1238 498 se

133 518 272 574 afortrma
283 519 402 590 turpiter
410 517 563 574 comitetur
609 512 687 579 cedo
705 517 797 588 inquit
819 524 851 577 et
876 536 1007 577 manum
1035 514 1121 578 tollo.
1167 521 1239 576 La·

133 595 286 651 stantius
298 597 366 652 Inst.
380 595 434 650 div.
447 594 556 665 111,28,
568 596 594 650 9.

200 665 252 734 17.
276 677 340 729 sunt
351 673 435 728 etiam
446 671 495 744 qui
506 671 577 726 haec
589 672 680 727 omnia
691 688 796 744 genera
809 670 969 727 consolandi
981 673 1115 747 colligant
1122 675 1237 730 —alius

133 750 209 805 enim
220 750 276 805 alio
287 751 368 806 modo
379 753 505 806 movetur
514 779 558 818 -,
569 754 601 803 ut
612 749 671 804 fere
683 765 733 804 nos
744 749 773 803 in
786 747 981 804 Consolatione
993 751 1085 806 omnia
1096 751 1126 804 in
1138 768 1237 807 conso-

134 819 266 874 lationem
277 837 360 874 nnam
372 817 553 887 coniecimus3
569 823 630 873 crat
647 819 762 873 enimin
772 823 879 872 tumore
891 818 998 875 animus
1011 824 1040 873 et
1055 819 1142 876 omnis
1158 821 1188 874 in
1200 838 1237 876 eo

133 886 323 959 temptabatur
334 887 449 943 curatio.
485 883 602 941 Cicero
615 886 699 941 Tusc.
712 885 783 957 disp.
796 885 850 956 III,
863 887 905 941 le.

201 959 251 1024 18.
277 964 362 1035 quid?
378 963 426 1034 qui
437 981 492 1018 non
503 967 603 1034 putant
613 963 765 1035 lugendum
776 963 860 1018 viris?
881 965 972 1033 qualis
983 964 1037 1020 fuit
1049 965 1083 1031 Q.
1096 965 1236 1022 Maximus

135 1041 254 1097 efferens
265 1041 354 1096 filium
366 1042 545 1110 consularem,
559 1041 649 1109 qualis
658 1041 802 1095 L.Paulus
815 1040 921 1096 duobus
954 1043 1030 1096 aucis
1042 1043 1140 1098 diebus
1152 1043 1236 1098 amis·

134 1109 263 1180 sisfiliis,
279 1109 369 1179 qualis
381 1109 419 1164 M.
434 1103 503 1164 Cato
538 1115 646 1163 rectore
659 1109 803 1180 designato
814 1115 921 1164 mortuo
965 1111 1003 1180 ⁶0,
1017 1112 1113 1180 quales
1123 1111 1236 1183 reliqui,

133 1194 204 1248 quos
220 1179 249 1234 in
266 1177 457 1234 Consolatione
475 1194 508 1232 co
530 1177 644 1249 egimus.
680 1177 773 1232 idem
788 1177 856 1232 ibid.
871 1179 898 1300 Ξ.
917 1180 958 1234 to.
995 1180 1135 1251 opprim0r
1149 1181 1236 1235 inter-

135 1250 202 1302 dum
218 1253 247 1302 et
261 1248 307 1301 vix
323 1247 421 1302 resisto
438 1247 537 1315 dolori,
560 1247 635 1315 quod
650 1263 684 1300 ea
694 1263 739 1300 me
752 1246 854 1301 solacia
890 1246 1016 1317 efleinnt,
1038 1264 1111 1317 quae
1122 1250 1235 1318 ceteris,

134 1333 252 1386 quorum
263 1315 332 1370 mihi
347 1316 474 1397 exempla
486 1331 627 1396 propono,
643 1315 727 1368 simili
741 1315 771 1370 in
789 1315 899 1370 fortuna
910 1332 965 1370 non
977 1316 1134 1372 defirerunt.
1168 1336 1236 1373 nam

134 1383 373 1453 statuerimus,
390 1401 438 1454 qur
453 1383 541 1438 finum
553 1384 736 1454 consularem,
753 1385 857 1439 clarum
872 1385 963 1438 virum
979 1391 1008 1440 et
1023 1386 1132 1457 magnis
1148 1387 1235 1441 rebus

157 1452 236 1522 estis,
253 1453 358 1522 amisit,
377 1459 405 1507 et
415 1453 449 1507 L.
461 1452 580 1522 Paulus,
593 1452 642 1522 qni
653 1453 708 1508 duo
720 1458 826 1523 septem
839 1452 949 1522 dicbus,
963 1459 991 1508 et
1002 1459 1093 1508 vester
1105 1453 1192 1510 Galus
1206 1462 1237 1510 et

168 1521 259 1591 Cato,
271 1522 320 1593 qui
332 1538 436 1576 summo
447 1519 571 1592 ingenio,
583 1537 690 1574 summa
700 1521 802 1575 virtute
813 1519 902 1575 filium
913 1521 1043 1593 perdidit,
1056 1523 1091 1577 iis
1102 1525 1235 1595 tempori·

135 1591 187 1658 bus
198 1589 324 1658 fuerunt,
341 1595 373 1643 ut
389 1605 484 1642 eorum
500 1589 605 1642 luctum
620 1588 744 1660 ipsorum
757 1589 786 1642 di
827 1589 879 1643 'tas
891 1591 1077 1646 consolaretur
1089 1609 1135 1663 ea,
1148 1607 1236 1662 quam

134 1675 170 1713 ex
180 1675 211 1712 re
220 1677 251 1793 p.
264 1657 512 1731 consequebantur.
548 1656 639 1712 Idem
651 1657 688 1711 ad
699 1657 786 1710 famil.
817 1659 850 1726 V,
864 1659 889 1728 6,
902 1661 927 1714 1.

200 1730 217 1792 1
243 1775 250 1792 .
275 1733 343 1806 quid
351 1733 642 1788 memoremRomanos
651 1733 1022 1804 duces,quorumvirtutibus
1031 1737 1112 1808 quasi
1120 1734 1235 1806 quibus-

133 1813 201 1866 dam
219 1809 308 1865 stellis
323 1810 442 1864 Latinae
462 1810 567 1866 micant
586 1810 738 1866 historiae?
757 1811 893 1867 Pulvillus
911 1811 1079 1884 Capitolium
1099 1815 1235 1870 dedIcans

133 1885 284 1950 mortuum,
304 1884 336 1933 nt
346 1878 540 1949 nuntiabatur,
561 1879 654 1934 subito
670 1877 760 1934 filium
772 1897 802 1936 se
817 1880 900 1935 iussit
915 1881 1029 1937 absente
1041 1883 1162 1954 sepeliti.
1197 1885 1234 1938 L.

131 1949 239 2004 Paulus
255 1953 364 2018 septem
378 1947 477 2002 diebus
493 1948 567 2002 inter
582 1948 698 2003 duorum
714 1949 858 2020 exsequias
873 1949 993 2005 tiliorum
1003 1951 1176 2023 triumphans
1188 1969 1235 2006 ur·

133 2020 199 2074 bem
212 2019 356 2090 ingressus
372 2021 423 2071 cst.
458 2016 648 2087 praetermitto
664 2015 813 2087 Maximus,
831 2017 963 2088 Catones,
981 2019 1078 2075 Gallos
1107 2021 1235 2090 Pisones,

132 2087 243 2155 Brutos,
257 2085 413 2154 Scaevolae,
425 2083 562 2155 Metellos,
576 2084 701 2166 Scauros,
714 2085 843 2156 Marcios,
857 2087 977 2156 Crassos,
987 2061 1134 2144 Marcellos
1147 2093 1234 2158 atque

133 2153 276 2223 Aufidius,
292 2170 408 2225 quorum
423 2170 478 2208 non
489 2154 580 2207 minor
593 2170 624 2207 m
639 2154 717 2208 luctu
748 2171 812 2209 uam
823 2154 946 2210 inbellis
958 2155 1046 2210 virtus
1058 2157 1113 2212 fuit
1125 2162 1153 2212 et
1164 2173 1233 2227 quo-

132 2241 194 2278 rum
206 2223 339 2278 orbitates
350 2222 381 2276 in
392 2221 592 2277 Consolationis
607 2221 679 2276 libro
691 2222 718 2276 'I'
760 2222 801 2277 ‘us
814 2241 847 2278 ex
866 2224 969 2278 licavit.
1007 2225 1233 2298 Hieronymus

133 2291 203 2346 inII
223 2290 331 2362 itaphio
342 2290 494 2361 Nepotiani
510 2290 583 2362 Opp.
601 2291 680 2346 Tom.
693 2292 717 2345 Ι.
730 2310 758 2362 p.
771 2293 830 2346 335.
872 2293 963 2348 allars.
989 2291 1032 2349 Cf.
1050 2293 1143 2350 Valer.
1156 2294 1232 2350 Max.

133 2361 171 2430 V,
183 2310 225 2416 18.
246 2361 322 2430 quod
341 2365 427 2431 caput
442 2364 530 2414 totum
547 2376 610 2415 cum
627 2376 660 2414 ex
681 2358 822 2415 Ciceronis
844 2360 1037 2418 Consolatione
1058 2364 1234 2444 desumptum

133 2429 271 2499 videatur,
285 2430 343 2484 eius
356 2427 495 2501 epitomen
512 2429 611 2484 saltem
622 2429 659 2484 ab
670 2429 742 2484 Iulio
753 2429 858 2486 Paride
871 2430 1061 2486 concinnatam
1078 2432 1234 2486 exscrrben-

133 2499 200 2553 dam
220 2499 298 2552 duxi:
321 2497 467 2554 ‘Horatius
483 2497 620 2554 Pulvillus
637 2514 699 2552 cum
714 2497 744 2552 in
760 2496 897 2570 Capitolio
913 2499 973 2554 Iovi
990 2499 1093 2570 optImo
1114 2499 1233 2555 maxImo

133 2568 234 2622 aedem
244 2567 370 2639 pontifex
382 2566 525 2621 dedicaret
536 2567 664 2636 interque
675 2568 907 2638 nuncupationem
919 2568 1078 2622 sollemnem
1086 2568 1234 2623 verborum

133 2641 271 2691 mortuum
283 2635 371 2689 filium
383 2653 462 2690 suum
474 2635 605 2704 audisset,
619 2635 710 2690 ‘tolle’
722 2636 813 2706 inquit
825 2635 975 2690 ‘cadaver’
1009 2637 1146 2690 Aemilius
1159 2637 1233 2692 Pau·

134 2705 190 2772 lus,
208 2721 271 2757 cum
288 2705 356 2758 duos
367 2701 439 2758 filios
456 2703 486 2757 in
498 2703 675 2823 adoptionem
687 2703 821 2772 dedisset,
838 2704 848 2756 i
869 2719 898 2756 se
915 2702 983 2756 duos
999 2703 1128 2772 haberet,
1145 2721 1233 2760 unum

132 2777 198 2826 ante
215 2770 290 2824 diem
306 2775 434 2839 quartum
449 2771 552 2840 triump
598 2771 703 2839 amisit,
720 2772 837 2824 alterum
847 2787 909 2841 rpso
921 2770 966 2824 die
978 2770 1123 2842 triumphi:
1148 2789 1233 2842 quam

132 2839 280 2894 orbitatem
297 2837 372 2908 apud
408 2838 520 2907 opulum
533 2839 688 2892 consolatus
700 2843 743 2892 est
752 2839 805 2906 ita,
821 2844 853 2892 ut
863 2839 926 2907 qais
938 2838 1062 2894 crederet
1073 2839 1160 2894 alium
1172 2858 1233 2898 esse

133 2907 184 2977 qni
198 2905 285 2960 filium
301 2855 481 2976 perdidisset,
499 2905 583 2959 alium
599 2905 648 2974 qni
665 2907 858 2960 consolaretur.
894 2905 927 2970 Q.
941 2905 1062 2962 Marcius
1075 2907 1232 2981 Rer,supe-

133 2975 213 3031 rioris
229 2973 341 3029 Catonis
356 2973 386 3026 in
402 2973 545 3027 consulatu
560 2973 680 3044 collega,
701 2989 764 3027 cum
779 2971 867 3028 filium
904 2974 1062 3046 crdidisset,
1079 2978 1203 3048 protinus
1217 2996 1232 3034 e

133 3042 329 3166 rogptvcuriam
351 3041 422 3113 petit
446 3045 474 3095 et
494 3045 628 3110 senatum,
652 3042 702 3111 qui
725 3058 758 3096 eo
780 3042 825 3096 die
846 2992 945 3098 haberi
965 3043 1108 3116 debuerat,
1133 3063 1231 3102 convo·

132 3131 217 3170 carr.

198 3183 251 3248 20.
276 3187 487 3243 clarissimorum
497 3185 639 3240 hominum
649 3191 761 3242 nostrae
773 3187 894 3244 civitatis
910 3190 1088 3261 gravissimos
1101 3190 1190 3246 exitus
1201 3192 1232 3246 in

132 3265 327 3322 Consolatione
338 3263 508 3335 collegimus.
545 3261 610 3318 Cic.
624 3264 659 3317 de
671 3265 785 3320 dividat.
795 3266 837 3338 II,
849 3267 892 3321 22.

197 3335 249 3404 21.
273 3342 357 3396 velim
368 3357 413 3396 me
424 3339 512 3394 facias
525 3339 670 3396 certiorem
680 3343 811 3412 proximis
823 3344 932 3414 litteris,
950 3343 999 3400 Cn.
1014 3342 1127 3416 Caepio,
1141 3343 1231 3399 Serri·

131 3416 309 3500 fi³⁰9¹⁰¹¹fffi
320 3421 414 3488 pater,
429 3417 527 3473 vivore
564 3423 623 3473 atre
635 3436 685 3474 suo
701 3419 850 3503 naufragio
861 3421 976 3492 perierit
988 3437 1024 3476 an
1036 3427 1151 3490 mortuo,
1163 3420 1232 3476 item

132 3487 239 3540 Rutrlra
253 3501 351 3540 vrrone
364 3484 395 3540 C.
408 3485 503 3556 Cotta,
560 3503 577 3541 o
594 3504 656 3558 suo,
674 3493 782 3543 mortua
798 3495 834 3544 srt
850 3507 886 3544 an
902 3496 1022 3545 mortuo:
1039 3491 1179 3562 pertinent
1194 3491 1232 3545 ad

130 3554 317 3678 {3m2libm
329 3569 413 3622 quem
430 3555 478 3609 ‘de
493 3557 571 3612 luctu
582 3556 742 3612 minuendo’
760 3559 927 3629 scripsimus.
963 3556 1029 3614 cie.
1042 3559 1079 3612 ad
1091 3559 1150 3612 Att.
1163 3558 1230 3628 XII,

132 3697 134 3702 ’
173 3663 181 3694 ’
197 3664 250 3760 22.
274 3700 309 3754 de
321 3699 426 3754 Rutilia
437 3701 567 3772 quoniam
578 3703 681 3758 videris
694 3704 831 3774 dubitare,
844 3703 948 3759 scribes
961 3703 997 3758 ad
1009 3719 1062 3774 me,
1075 3719 1138 3758 cum
1150 3703 1230 3774 scies,

131 3779 183 3832 sed
195 3794 279 3860 quam
303 3775 406 3858 orimum
437 3783 465 3832 et
476 3797 542 3833 num
555 3778 652 3834 Clodia
663 3779 700 3834 D.
713 3779 800 3836 Bruto
814 3781 963 3860 consulari,
979 3779 1036 3834 filio
1049 3796 1111 3850 suo,
1124 3784 1231 3834 mortuo

131 3847 238 3901 virent.
301 3861 340 3900 rc.
353 3845 390 3899 ad
401 3819 460 3900 let.
473 3845 540 3916 XII,
553 3847 596 3917 22,
608 3849 633 3902 2.

197 3917 253 3982 23.Ἰ
273 3927 305 3976 ut
315 3919 387 3977 scias
398 3939 443 3978 me
454 3923 494 3978 ita
506 3924 612 3993 dolere,
628 3929 661 3979 nt
671 3935 726 3981 n'on
738 3927 857 3982 iaceam:
874 3925 976 3995 quibus
993 3924 1151 3981 consulibus
1164 3921 1229 3980 Car·
1333 3925 1334 3964 l

131 4000 237 4054 neades
248 4005 277 4054 et
287 4017 322 4055 ea
337 3999 440 4072 legatio
452 4001 568 4056 Romam
583 4000 691 4057 venerit
720 4003 853 4074 scriptum
870 4008 912 4057 est
926 4001 956 4057 in
971 4007 1019 4057 tuo
1032 4001 1138 4070 annali3
1160 4000 1231 4056 haee

131 4075 206 4122 nunc
217 4084 320 4138 quaero
335 4083 408 4140 quae
424 4085 507 4126 eausa
523 4069 625 4125 fuerit?
641 4071 676 4144 de
689 4043 745 4128 Cro
787 4113 795 4142 ,
811 4070 921 4143 opinor,
938 4071 989 4126 sed
1004 4075 1111 4126 certum
1126 4068 1230 4139 nescio,
