2714 4554
507 289 758 348 sarcinare„
1144 263 1188 346 85

153 415 181 482 2.
201 421 231 476 in
243 418 394 475 Caesarem
409 433 522 490 quoque
538 420 704 476 mordacitas
717 419 858 475 Ciceronis
875 419 972 476 dentes
988 437 1052 476 suos
1068 421 1185 478 suinrit.

101 517 153 554 nam
162 502 223 570 post
233 496 380 552 victoriam
392 495 519 553 Caesaris
534 497 637 553 interro
659 503 735 568 atus,
752 513 801 553 eur
811 497 841 558 in
853 497 987 553 electione
999 499 1086 570 partis
1099 513 1187 554 erres·

102 581 143 646 set,
151 573 304 646 respondit:
327 567 548 654 praecinctura
566 591 616 634 me
635 515 775 654 &eoepit
793 573 901 629 iocatus
916 573 945 628 in
959 571 1120 645 Caesarem:
1138 575 1186 644 (iui

101 655 133 706 ita
144 658 205 724 toga
219 651 469 734 praecingebatur,
485 657 517 704 ut
533 652 670 707 trahendo
687 651 818 707 laciniam
833 649 910 707 velut
925 651 1016 706 mollis
1035 650 1185 706 incederet.

101 721 278 776 llacrobrus
291 718 403 776 ilatum.
416 719 455 791 11,
467 720 494 790 3,
506 721 532 774 9.

152 791 179 856 3.
201 813 264 852 cum
275 797 415 859 Laberius
426 797 457 854 in
472 796 528 852 fine
539 797 667 854 ludonnn
678 799 761 854 anulo
776 815 861 854 aureo
875 797 1026 854 honoratus
1038 811 1056 851 a
1068 794 1186 852 Caeam

101 874 231 946 evestigio
251 873 282 928 in
305 875 527 944 quattuordecim
547 876 586 931 ad
599 876 783 948 spectandum
798 876 908 932 transiit
925 875 1028 930 violato
1045 873 1141 929 ordine
1158 878 1188 928 et

101 959 150 996 cum
164 944 334 998 detrectatur
351 949 395 998 est
410 959 495 1014 eques
506 944 648 1000 Romanus
664 950 693 1000 et
709 946 859 1001 eommmus
874 945 1020 1015 remissus,
1036 943 1078 998 ait
1089 940 1187 998 Cicera

100 1020 270 1090 praetereunti
281 1020 407 1076 Laberio
424 1026 453 1077 et
469 1021 556 1076 sedile
574 1021 732 1091 quaerenti:
749 1017 942 1103 recepissem
968 1028 1015 1094 te,
1040 1013 1103 1079 nisi
1130 1036 1188 1078 an-

100 1111 178 1184 guste
195 1100 354 1176 sederem,
373 1106 455 1162 simul
467 1110 496 1162 et
506 1105 585 1161 illum
595 1124 729 1179 respuens
741 1108 810 1164 etin
821 1107 922 1164 norum
934 1111 1060 1162 senatum
1071 1104 1186 1175 ioeaum,

101 1181 164 1236 cuins
177 1199 323 1237 numerum
336 1179 441 1238 Caesar
454 1183 528 1238 ultra
539 1181 583 1238 fas
596 1190 717 1239 auxerat.
754 1185 855 1240 necim
874 1201 942 1253 nne;
957 1199 1004 1238 res
1040 1182 1102 1237 ndit
1113 1181 1186 1236 enim

100 1249 231 1305 teberius:
257 1253 383 1321 ‘mirum
405 1252 430 1306 si
449 1257 568 1324 anguste
583 1253 676 1323 sedes,
698 1252 747 1322 qui
768 1253 839 1308 soles
855 1203 964 1308 inabus
980 1267 1009 1307 se
1033 1251 1039 1266 '
1071 1251 1186 1306 sedere!

99 1317 176 1372 Iden
186 1319 253 1374 ibid.
266 1320 308 1391 Π,
321 1321 348 1389 3,
362 1321 403 1375 10.

151 1390 179 1454 4.
200 1394 300 1452 Cicero
317 1396 482 1452 facilitatem
498 1396 626 1454 Caesaris
642 1398 672 1453 in
693 1399 852 1470 adlegando
868 1402 967 1452 senatu
977 1395 1070 1454 irrisit
1084 1395 1185 1466 palam.

99 1487 152 1526 nam
162 1489 220 1528 cum
231 1475 269 1528 ab
281 1474 395 1544 hospite
412 1490 461 1530 suo
472 1474 505 1530 P.
520 1475 616 1530 Mallio
632 1480 779 1546 rogaretur
788 1479 821 1529 ut
833 1474 1043 1530 decurionatum
1059 1469 1187 1543 privigno

100 1547 147 1602 dus
158 1551 311 1620 expediret,
331 1551 482 1606 adsistente
498 1551 658 1621 frequentia
669 1552 751 1607 dixit:
764 1547 898 1624 Rornae,
918 1545 945 1611 si
962 1544 1023 1621 vis,
1041 1542 1186 1610 habebit:

99 1628 245 1715 Pompeiis
264 1630 398 1695 difficile
417 1643 474 1696 cst.
511 1638 604 1692 Idem
615 1632 684 1693 ibid.
696 1637 735 1708 Π,
748 1638 774 1707 3,
787 1638 829 1692 11,

151 1715 179 1778 5.
198 1736 252 1776 nec
271 1721 308 1786 Q.
332 1718 459 1776 Ciceroni
479 1721 559 1777 tratri
585 1723 660 1778 circa
679 1721 797 1778 similem
822 1720 1032 1778 mordacitatem
1051 1721 1186 1794 pepercit.

100 1812 152 1850 nam
167 1815 226 1852 cum
242 1799 273 1853 in
290 1814 327 1854 ea
358 1797 492 1868 rovineia,
511 1815 595 1869 quam
605 1800 654 1854 ille
665 1806 787 1872 rexerat,
799 1801 915 1856 vidisset
927 1799 1076 1871 clipeatam
1086 1801 1186 1872 imagi-

100 1880 151 1920 nem
162 1868 216 1920 eius
228 1817 393 1939 ingentiins
404 1867 579 1924 lineamentis
590 1884 678 1939 usquc
691 1870 727 1924 ad
739 1873 836 1940 peetus
848 1886 881 1924 ex
893 1885 968 1924 more
980 1867 1189 1939 pietam-erat

101 1946 178 1996 subm
193 1942 314 2007 Quintus
331 1943 392 2014 ipse
410 1948 531 2000 suturae
549 1961 698 2017 parvae-
714 1947 766 2000 ait:
793 1941 891 2006 frater
917 1963 1008 2006 meus
1038 1940 1187 2006 dimidius

101 2022 185 2086 maior
200 2033 248 2088 est
267 2043 369 2106 quam
388 2034 482 2088 totus.
513 2029 607 2087 idem
617 2029 686 2085 ibid
699 2031 738 2100 Il,
751 2031 777 2100 3,
788 2032 814 2086 4.

152 2107 179 2170 6.
198 2108 227 2173 7.
253 2113 341 2182 quale
353 2129 408 2168 non
420 2114 473 2169 hoe
484 2115 566 2168 modo
577 2129 667 2186 paene
680 2120 708 2170 ct
722 2115 815 2186 ipsum
826 2116 939 2172 scurrile
953 2115 1093 2174 Ciceronis
1106 2116 1188 2172 estin

25 2181 26 2186 ’
101 2195 247 2253 mancum:
259 2193 364 2258 miror
380 2193 457 2276 quid
476 2194 531 2272 sit,
554 2195 641 2278 quod
664 2207 755 2281 pater
772 2208 863 2274 tuus,
885 2197 981 2262 homo
999 2196 1190 2264 constantis·

102 2277 192 2354 simus,
209 2289 240 2345 te
258 2278 356 2344 nobie
373 2279 498 2346 varium
516 2279 654 2364 reliquit.
683 2287 732 2341 sed
748 2285 818 2342 illud
830 2304 864 2342 ex
876 2287 974 2343 eodem
990 2304 1091 2358 genere
1108 2305 1188 2358 prae-

102 2359 201 2439 clarum:
217 2378 286 2418 eum
299 2360 421 2416 obiceret
432 2361 530 2416 Miloni
542 2369 686 2418 memator
697 2363 728 2418 in
740 2370 932 2435 argumentum
943 2363 1079 2418 factarum
1092 2363 1189 2418 Clodio

101 2429 255 2499 mediarum,
266 2429 345 2498 quod
354 2428 476 2484 Bovillas
489 2435 554 2485 ante
566 2431 663 2486 horam
673 2447 774 2486 nonam
783 2431 955 2500 devertisset,
964 2436 995 2486 ut
1007 2437 1188 2503 exspectaret,

102 2495 155 2550 dnm
165 2496 279 2552 Clodius
291 2515 309 2552 a
319 2498 386 2552 villa
398 2514 449 2554 sua
461 2498 556 2568 exiret,
574 2503 603 2556 et
619 2499 772 2554 identidem
783 2499 979 2570 interrogaret,
997 2514 1052 2568 quo
1064 2505 1188 2570 tempore

102 2569 199 2628 Clodius
210 2573 320 2631 occisus
334 2577 420 2645 essct,
432 2576 587 2646 respondit:
612 2569 718 2635 ‘sera'
760 2575 994 2640 Quintilianus
1005 2574 1056 2644 VI,
1069 2574 1095 2644 3,
1107 2576 1187 2648 48sq.

154 2653 182 2718 8.
202 2661 281 2716 idem
300 2677 352 2732 per
372 2661 526 2733 allegorian
546 2661 585 2716 M.
609 2659 748 2730 Caelium,
768 2660 868 2714 melius
888 2658 1053 2714 obicientem
1074 2660 1190 2716 erimina

23 2777 24 2786 ,
102 2757 172 2810 qnam
182 2745 381 2802 defendentem
406 2741 523 2807 bonam
551 2742 712 2817 dextram,
739 2741 857 2805 malam
883 2739 1044 2806 sinistram
1070 2741 1189 2808 habere

23 2829 24 2836 ³
102 2819 206 2877 dicebat.
241 2821 483 2888 Quintilianus
495 2824 546 2894 VI,
559 2825 585 2894 3,
597 2825 640 2880 69.
654 2823 690 2878 ef.
704 2821 822 2879 Cicero
832 2821 910 2878 Brut.
924 2821 947 2892 ξ.
960 2823 1020 2878 tlt.

154 2893 182 2956 9.
204 2895 304 2955 Cicero
317 2901 394 2970 dixit,
407 2917 469 2956 eum
480 2903 505 2956 is
518 2903 690 2973 candidatus,
703 2901 752 2972 qni
764 2901 824 2957 coci
835 2900 908 2956 filius
919 2900 1083 2971 habebatur,
1097 2918 1189 2958 eoram

102 2998 128 3069 eo
138 2983 298 3058 mtlragium
310 2986 345 3041 ab
358 2987 413 3041 alio
424 2992 544 3058 peteret:
565 3006 583 3048 e
607 3004 626 3047 0
649 3003 777 3117 quoque
800 2981 858 3045 tibi
884 2981 1010 3048 favebo.
1052 2987 1188 3050 Quinti·

101 3055 198 3115 lsanus
208 3063 263 3132 VI,
275 3061 301 3132 3,
312 3063 355 3116 tr.
381 3068 410 3118 et
423 3061 563 3120 Ciceronis
609 3069 683 3118 ctum
694 3081 725 3119 re
739 3069 813 3118 ertur
823 3063 852 3117 in
865 3080 942 3131 eum,
960 3063 1009 3131 qui
1021 3063 1103 3131 coqui
1115 3061 1189 3118 filius

102 3149 183 3191 κω
194 3155 294 3194 033833
306 3139 422 3212 agebat:
440 3146 475 3199 tu
498 3156 626 3219 quoque
650 3135 762 3201 aderas
785 3156 911 3200 causae.
947 3155 1012 3194 nam
1024 3139 1099 3210 apud
1115 3145 1189 3194 vete-

101 3227 139 3266 res
150 3215 277 3285 ‘coquus’
293 3232 349 3271 non
387 3233 416 3271 er
428 3234 444 3272 c
455 3217 584 3288 litteram,
601 3219 652 3272 sed
666 3234 719 3289 per
734 3217 946 3287 qseribebatur.
982 3215 1136 3270 Donatus
1153 3216 1190 3272 ad

102 3277 202 3337 Terent.
213 3283 338 3354 Adelph.
381 3285 404 3354 I,
417 3286 442 3354 3,
455 3285 497 3340 69.

158 3353 207 3420 10.
230 3361 271 3416 Μ.
282 3359 378 3417 Cicero
391 3377 452 3416 cum
464 3363 540 3434 apud
549 3363 752 3435 Damasippum
764 3366 877 3418 cenaret
889 3366 917 3416 et
927 3361 975 3416 ille
986 3361 1118 3416 mediocri
1126 3362 1190 3416 vino

102 3443 181 3511 Posito
204 3445 311 3502 diceet
337 3441 451 3508 ‘bibite
476 3443 650 3508 Falernum
681 3443 758 3519 hoc,
790 3463 945 3508 annornm
978 3440 1191 3528 quadraginta

104 3523 166 3600 est'‚
187 3525 270 3594 bene
286 3531 378 3600 inquit
395 3539 532 3594 aetatem
554 3527 626 3598 fert.
663 3533 856 3609 Macrobius
869 3530 977 3588 Saturn.
991 3532 1029 3603 11,
1042 3533 1068 3602 3,
1080 3533 1105 3586 2.

160 3608 208 3676 11.
232 3619 388 3674 emendavit
397 3618 451 3674 hoc
463 3619 547 3674 etiam
557 3619 663 3674 urbane
675 3618 705 3672 in
716 3616 808 3672 Hirtio
818 3615 923 3687 Cicero,
936 3617 992 3688 qui,
1006 3635 1068 3672 cum
1079 3617 1108 3672 in
1116 3618 1190 3672 Pan-

105 3703 156 3744 sam
173 3693 331 3750 declamans
351 3695 438 3751 tilirsm
459 3712 477 3750 a
497 3700 584 3751 matre
606 3696 703 3750 decem
722 3695 865 3750 mensibus
884 3694 914 3748 in
930 3700 1008 3749 utero
1023 3697 1110 3750 latrem
1130 3709 1191 3748 esse

107 3764 219 3892 ῗᾷῑίιεθῢ,
276 3766 457 3904 αἱξῖΜαΗιθ
478 3773 571 3842 inquit
593 3767 626 3832 in
651 3767 764 3852 perula
786 3767 889 3832 solent
915 3765 1018 3832 ferre?
1057 3769 1191 3834 Quinti·

117 3859 205 3902 1anus
384 3889 390 3902 .

162 3916 210 3984 12.
231 3889 308 3980 iderir
325 3890 387 3982 itm
402 3926 552 3982 Lentulum
567 3941 701 3998 generum
718 3943 810 3995 suum,
832 3925 949 3997 exiguae
967 3929 1088 3977 statinae
1104 3922 1191 3974 homi-

23 4061 25 4070 ,
108 4019 173 4076 nem,
187 4010 271 4082 longo
286 4010 382 4082 gladio
393 4011 548 4068 accinetum
558 4011 688 4081 vidisset,
705 4006 778 4090 quis
799 4009 891 4078 inquit
912 4023 1065 4088 generum
1084 4022 1192 4066 meum

108 4084 143 4148 sd
162 4089 302 4172 gladium
325 4089 499 4176 adligavit?
542 4095 865 4166 MacrobiusII,3,3.
