2674 4558
487 283 738 344 annonariae
1119 261 1161 339 69'

94 405 201 461 Cabuem
221 403 327 459 itallius
353 405 470 460 laudam
494 410 523 461 et
547 405 655 461 duobus
686 406 870 462 voluminibus
893 405 995 463 Cacsar
1018 419 1158 463 accusans

93 473 251 528 Martianus
263 471 406 544 Capella
416 474 453 529 de
462 473 603 530 rhetorica
614 491 639 530 c.
654 475 697 530 18.

140 545 184 608 14.
204 549 249 604 hic
259 555 302 604 est
313 549 350 604 II
363 548 447 620 Cato,
462 567 518 606 non
536 557 718 623 cognomento
730 552 841 623 Nepos,
859 553 909 608 sed
921 552 960 607 M.
973 550 1086 608 Catonis
1097 567 1161 608 cen·

92 625 178 708 rodier
187 625 242 708 lilio
253 643 351 698 nepos,
368 627 584 709 qui·pater·iuit
594 628 634 683 M.
647 627 773 700 Catonis,
792 629 1007 710 praetoriiviri,
1023 630 1073 711 qui
1087 629 1161 710 bello

91 695 147 749 uuir
156 693 248 776 Uticae
264 711 368 778 necem⁸
376 697 430 778 srbr
446 697 541 778 gladio
559 713 644 752 manu
654 713 706 753 sua
712 702 863 782 occurent,
881 699 915 754 de
928 699 1007 754 cuius
1015 702 1076 780 yria
1088 698 1163 780 liber

91 767 121 844 eat
129 761 161 816 li.
167 760 310 834 diceneum,
323 777 371 834 qm
382 765 541 846 mscrrbrtur
551 765 613 820 laus
623 763 745 849 (latonas,
758 781 882 848 quem-m
894 765 1075 850 codcmulrbro
1086 765 1162 821 rdem

91 829 166 952 gicero
174 836 350 954 Eronepptem
365 831 453 914 fursee
469 833 539 914 dreit
549 833 588 887 M.
602 831 715 890 Catonis
723 850 857 918 censoru.
893 851 953 890 erue
963 839 1162 916 rgrtur,·quem

89 914 185 1046 uti.
200 901 314 1024 titia
345 901 463 1040 ⁸333?
478 900 1162 1053 fiiliiiiiflffuir‘ii'liiiffilimiibili

90 1035 192 1090 urbunus
202 1037 238 1108 pl.
251 1037 307 1092 furt
312 1042 347 1119 ‘et
362 1042 522 1118 praeturam
532 1043 638 1162 fleterre
646 1045 762 1122 mortem
773 1039 857 1122 obut,
874 1055 914 1122 ex·
925 1055 1013 1162 cogare
1024 1045 1107 1121 uptus
1119 1045 1163 1122 est

90 1102 118 1156 ii
128 1102 186 1159 (lato
199 1111 353 1176 praetorius
384 1121 433 1174 qm
450 1122 481 1162 sc
496 1107 532 1161 be
554 1124 570 1162 o
587 1108 662 1162 crvrlr
672 1107 774 1166 Uticae
788 1113 929 1163 interemit
979 1125 994 1163 e
1011 1124 1088 1164 curus
1103 1117 1163 1164 vita

89 1171 246 1253 laudibusque
257 1191 321 1230 cum
333 1147 371 1228 ll.
383 1175 492 1255 Tullius
504 1175 646 1247 scriberet,
657 1181 838 1248 pronepotem
850 1191 913 1231 euru
922 1148 1033 1232 (latonis
1045 1175 1163 1233 censorii

89 1239 236 1298 dutbisse.
271 1243 446 1298 Idemibrd.
459 1244 482 1313 ς.
497 1243 540 1299 14.

138 1312 181 1377 15.
202 1335 254 1375 noc
277 1319 373 1376 Tullio
397 1321 588 1392 compilando,
612 1321 760 1377 dummodo
779 1321 904 1392 undique
925 1325 1086 1377 ornamenta
1109 1319 1163 1376 sibi

88 1393 212 1467 unicust,
231 1397 367 1453 abstinuit
382 1398 551 1472 (Virgilius)r
576 1403 606 1455 ‘o
622 1398 700 1454 fama
719 1399 833 1472 ingens,
852 1399 993 1472 ingentior
1008 1398 1106 1470 armis,
1121 1398 1164 1452 vir

87 1462 200 1519 ticiana’
233 1481 335 1538 nempe
347 1467 400 1522 hoc
416 1467 469 1537 ait,
486 1467 612 1523 Aeneam
628 1467 732 1522 famam
744 1484 824 1522 suam
838 1467 922 1523 factis
938 1467 1056 1523 fortibus
1069 1483 1163 1538 super-

86 1547 200 1602 gressum,
215 1549 278 1588 curn
293 1535 458 1606 plerumque
474 1535 551 1590 fama
565 1535 603 1591 sit
617 1535 708 1590 maior
722 1535 814 1591 rebus.
851 1552 947 1592 sensus
958 1536 1005 1592 hic
1015 1535 1045 1590 in
1058 1532 1162 1590 Catone

88 1605 202 1665 Ciceronis
214 1614 255 1666 est
266 1611 312 1666 hia
324 1611 429 1667 verbis:
454 1608 661 1693 contingebat
678 1608 712 1672 in
731 1629 784 1684 eo,
803 1607 890 1691 quod
908 1607 1068 1693 plerisque
1086 1627 1163 1674 con-

86 1699 122 1751 tra
136 1689 217 1766 solet,
233 1701 270 1756 ut
287 1692 410 1758 maiora
425 1692 532 1758 omnia
549 1715 584 1760 re
599 1715 697 1778 quam
714 1693 802 1758 fama
815 1693 1006 1772 viderentur,
1024 1693 1059 1758 id
1074 1691 1162 1777 quod

86 1792 134 1872 non
149 1796 237 1862 saepe
253 1778 370 1855 evenit,
389 1788 425 1842 ut
439 1779 635 1864 exspectatio
649 1801 668 1843 u
683 1779 874 1865 cognitione,
893 1801 986 1846 aures
1004 1777 1046 1844 ab
1061 1778 1161 1845 oculis

86 1871 271 1927 aucenntur.
314 1867 512 1925 Macrobius
526 1867 638 1926 Statum.
650 1869 703 1940 VI,
714 1871 740 1941 2,
753 1871 795 1926 33.

134 1945 178 2011 16.
197 1951 322 2025 ignosco,
333 1952 437 2027 ignovi,
448 1954 584 2028 ignotum.
608 1956 683 2012 unde
693 1955 873 2028 participium
885 1954 972 2012 futui
985 1954 1162 2028 ‘ignoturus’

87 2029 197 2092 dunin
208 2036 314 2094 Catone
327 2038 472 2108 [maiore]=
488 2035 675 2122 ignoturum
692 2034 792 2112 alteri,
810 2036 897 2120 quod
910 2048 1044 2122 patrem,
1063 2035 1164 2113 alteri,

86 2113 150 2193 quod
165 2126 301 2184 tutorem
318 2132 447 2186 secutus
466 2132 560 2186 esset.
596 2126 800 2184 Priscianus
810 2127 849 2198 X,
862 2129 888 2198 3,
901 2128 943 2183 18.

359 2262 424 2328 VII.
459 2269 629 2328 PORCIAE
645 2270 861 2330 LAUDATIO.

133 2354 158 2419 1.
176 2361 365 2421 laudationem
380 2364 544 2435 (funebrem)
559 2365 679 2423 Porciae
696 2366 745 2430 (Μ.
759 2364 872 2422 Catonis
891 2367 1000 2437 sororis,
1016 2365 1110 2421 uxoris
1125 2365 1159 2420 1..

29 2433 30 2496 3
85 2430 178 2492 Domitii
186 2439 378 2524 Ahepobarbi)
389 2442 499 2514 gaudeo
514 2459 565 2525 me·
575 2447 641 2524 ente
657 2443 772 2525 dedisse
784 2442 893 2512 Leptae
905 2441 1067 2526 tabellario,
1080 2457 1163 2512 qnam

84 2505 131 2581 itte
140 2521 290 2580 acceperam
300 2511 420 2566 httereer
441 2516 567 2566 eamtur
589 2514 658 2578 rtur,
680 2529 704 2565 sr
721 2525 767 2566 me
784 2525 876 2580 arnas,
898 2511 1022 2578 curebre,
1042 2527 1067 2564 sr
1082 2510 1163 2564 modo

86 2575 266 2711 ffffl,u'1stg
281 2579 366 2716 propago
381 2578 545 2636 mittendam
591 2577 689 2634 omitio
707 2578 843 2634 etBruto.
880 2575 997 2656 Cicad
1009 2578 1067 2632 Att.
1080 2577 1163 2648 XIII,

133 2712 159 2780 i.
178 2721 367 2780 laudationem
377 2725 495 2782 Porciae
512 2725 566 2780 tibi
577 2724 642 2780 misi
655 2727 820 2794 correctam
838 2723 909 2780 adeo
919 2723 1075 2795 properavi,
1086 2723 1164 2794 ut,si

85 2789 327 2940 lffffiffigmssh
338 2801 396 2860 filio
409 2807 457 2858 aut
467 2803 554 2859 Bruto
570 2803 739 2873 mitteretur,
756 2802 827 2857 haec
840 2801 1002 2856 mitteretur.
1040 2799 1106 2857 Cic.
1125 2802 1162 2857 ad

125 2905 130 2918 .
264 2911 273 2942 ,
304 2911 310 2925 .

439 2975 520 3032 VIII.
555 2974 609 3029 DE
627 2972 784 3030 GLORIA.

130 3069 259 3132 Ciceronis
276 3075 362 3133 libros
378 3077 414 3133 de
430 3077 519 3149 gloria
535 3076 689 3134 Petrarcha
705 3077 743 3145 (in
759 3075 821 3131 libr.
840 3091 855 3130 e
875 3075 1020 3131 istolarum
1035 3073 1163 3130 senilium

86 3133 137 3220 IV,
147 3141 168 3196 l.
179 3143 213 3199 ad
224 3145 333 3201 Lucam
349 3145 385 3201 de
396 3145 495 3201 Peuna
509 3146 566 3201 dat.
579 3145 712 3216 Arquade
722 3163 748 3199 v.
761 3143 826 3198 Kal.
870 3144 929 3199 aias
942 3161 962 3196 s.
976 3148 1013 3211 a.)
1030 3141 1085 3198 sibi
1100 3158 1163 3223 con·

87 3211 273 3337 uruit
286 3212 484 3336 app...
500 3211 1028 3337 tiracttataetaaaart
1049 3209 1163 3284 u...

138 3347 164 3416 1.
183 3296 255 3416 idne
268 3298 564 3432 didamuefflddugnldrids,
583 3297 807 3431 ἳιῗζέιᾳιιαιηροα
819 3319 929 3428 quoque
941 3319 976 3411 de
992 3318 1028 3410 re·
1036 3355 1090 3412 duo
1101 3361 1166 3412 suut

88 3430 233 3491 numiui.
270 3433 338 3492 (iic.
351 3436 386 3491 de
399 3434 473 3492 offic.
485 3435 525 3506 11,
540 3435 583 3490 31.
1059 3450 1060 3453 ¹

138 3501 165 3568 2.
183 3512 225 3569 his
235 3515 336 3571 liberis
347 3513 459 3585 scriptis
471 3531 515 3570 me
527 3515 565 3570 ad
577 3515 716 3578 συντάξειε
727 3512 803 3583 dedi,
814 3526 887 3582 quse
900 3512 1012 3584 quidem
1023 3526 1119 3567 vereor
1129 3525 1165 3564 ne

90 3583 184 3644 mititte
197 3591 291 3648 cerula
304 3597 355 3650 tua
389 3592 497 3648 iuribus
512 3591 581 3647 locis
596 3591 736 3648 notandae
758 3589 826 3645 sint:
850 3590 891 3644 ita
906 3607 967 3644 sum
982 3596 1120 3660 μετέωρος
1137 3592 1167 3667 qt

90 3661 412 3786 llmdfflffiffibulr
413 3660 572 3732 impeditus.
609 3658 675 3716 cie.
688 3660 725 3714 ad
737 3658 796 3712 Att.
808 3657 874 3728 XV,
887 3659 929 3728 14,
941 3658 966 3713 4.
996 3655 1166 3712 Huoretulat

104 3758 108 3770 r
138 3761 143 3776 ῃ
180 3767 186 3781 .
335 3771 341 3783 .
354 3748 381 3786 ῃ.
413 3771 419 3784 ⁸
538 3761 539 3766 .

139 3794 167 3860 3.
185 3804 347 3864 librumtibi
358 3806 486 3864 celeriter
496 3807 604 3863 mittam
623 3807 673 3862 ‘de
685 3805 800 3878 gloria':
818 3804 952 3860 excudam
964 3799 1071 3872 aliquid
1086 3796 1165 3867 Ἡρα-

92 3871 394 3955 “discernuntur
407 3882 586 3940 umanum
596 3883 662 3940 aun.
699 3881 764 3938 cre.
778 3882 886 3938 ciAtt
898 3880 964 3950 xv,
976 3879 1020 3947 aa,
1031 3876 1057 3930 a.

140 3949 167 4014 4·
187 3961 234 4018 ‘de
250 3963 352 4036 gloria'
372 3961 435 4018 miei
454 3960 520 4018 titi:
541 3961 679 4017 custodies
695 3959 795 4032 igitur,
814 3964 848 4014 ut
863 3957 949 4024 soles,
969 3953 1020 4008 sed
1038 3953 1167 4005 notentur

93 4027 209 4107 ‘diluculi
228 4053 296 4108 quos
317 4038 426 4097 Salvius
445 4038 533 4096 bonos
552 4038 692 4096 auditores
711 4040 809 4092 nactus
828 4035 858 4089 in
878 4029 1002 4088 convivio
1022 4028 1166 4083 dumtaxat

92 4091 159 4168 legat,
189 4106 254 4163 mihi
265 4108 345 4166 valde
357 4109 482 4182 placent3
494 4107 606 4163 mallem
616 4106 676 4162 tibi.
713 4103 779 4161 (iic.
792 4103 830 4160 ad
841 4097 993 4168 Attxvl,
1005 4097 1031 4168 2,
1044 4098 1069 4152 6.
