2674 4558
443 225 446 229 ’
507 249 759 311 emensum
1142 243 1183 310 ta

49 417 51 424 ·
109 387 147 444 est
160 375 246 452 illud,
273 375 362 461 quod
379 375 486 452 sentit,
513 375 600 461 quod
622 375 718 461 sapit,
746 375 833 461 quod
855 376 948 456 vivit,
976 379 1062 464 quod
1084 380 1183 467 viget,

49 498 56 511 ·
109 462 223 528 caeleste
249 474 282 526 et
309 461 452 526 divinum
470 462 511 526 ob
539 483 673 544 eamque
700 485 767 528 rem
794 473 959 529 aeternum
985 464 1027 530 sit
1051 486 1183 534 necesse

108 563 151 613 est.
189 567 247 611 neo
264 569 343 612 vero
361 547 438 613 deus
456 548 540 634 ipsc,
558 547 615 632 qui
630 547 826 633 intellegitur
844 571 864 612 a
880 549 988 627 nobis,
1007 550 1069 616 alio
1087 553 1184 616 modo

106 633 227 719 intellegi
242 643 351 719 potest
362 632 423 698 nisi
437 656 526 700 mens
545 634 649 698 soluta
662 633 820 717 quaedam
833 647 865 700 et
882 635 993 714 libera,
1012 647 1183 723 segregata

105 718 136 782 ab
151 717 230 783 omni
249 718 451 784 concretione
465 719 600 794 mortali,
619 717 727 783 omnia
739 719 878 786 sentiens
896 731 929 786 et
945 743 1079 788 movens
1095 721 1184 808 ipsa·

105 825 153 898 que
169 804 311 891 praedita
329 815 417 869 motu
435 805 637 890 sempiterno.
665 807 785 864 Cicero
796 811 880 866 'fuse
894 811 965 884 disp.
977 812 1002 882 Ι,
1014 813 1057 868 66.
1085 813 1183 870 Verba

39 885 41 904 '
104 891 251 942 ‘annorum
266 888 345 942 nulla
360 917 389 929 -·
403 886 459 941 nisi
478 886 578 942 adeo’
600 903 633 942 ex
649 885 817 940 Tusculanis
833 893 862 942 et
878 886 1071 946 Consolatione
1087 890 1183 946 attulit

38 1001 40 1020 ,
104 953 172 1008 etiem
186 955 352 1011 Lactantius
369 955 405 1010 da
419 955 464 1010 ira
481 955 528 1010 dei
544 972 568 1010 c.
585 957 634 1025 10,
649 955 692 1012 to.
710 960 740 1009 et
755 957 840 1011 rerba
856 959 921 1013 ‘nec
935 973 1001 1013 vero
1013 988 1040 1001 ··
1056 960 1182 1015 morens'

37 1039 40 1072 :
104 1022 162 1077 iden
172 1024 260 1079 Instit
274 1024 331 1079 dir.
343 1024 368 1093 1,
380 1025 406 1094 5,
418 1025 461 1079 25.

153 1094 199 1160 14.
222 1101 336 1156 'ludim
350 1101 381 1156 in
397 1117 431 1156 eo
441 1100 527 1171 libro,
543 1116 598 1171 quo
611 1117 640 1156 se
651 1100 713 1172 ipse
725 1101 761 1156 de
772 1106 860 1156 morta
875 1101 951 1158 filiae
963 1102 1118 1159 consolatus
1130 1109 1184 1174 est,

35 1163 37 1230 ,¹
102 1194 144 1257 non
154 1177 289 1260 dubitarit
300 1178 395 1259 dicem
406 1177 543 1301 66οεὶὶὲῒυί
553 1177 667 1260 publice
679 1178 843 1258 colerentur,
853 1178 977 1260 homines
988 1179 1083 1235 fnisse.
1107 1181 1183 1250 quod

100 1251 384 1396 dimidii
392 1261 428 1369 ii
441 1246 1183 1398 iatralibatttdtabssiitfflt

99 1387 159 1437 intra
168 1399 270 1454 paucos
286 1384 438 1438 versiculos
454 1383 524 1438 duas
534 1398 579 1437 res
591 1383 672 1438 nobis
684 1382 775 1437 dedit:
791 1398 856 1437 narn
868 1383 934 1437 dum
944 1399 1096 1454 imaginem
1107 1382 1183 1438 tibae

101 1450 181 1505 eodem
192 1468 222 1507 se
233 1452 319 1506 modo
329 1456 550 1506 consecraturum
558 1467 620 1507 esse
627 1449 814 1523 profiteretur,
823 1467 879 1522 quo
889 1449 932 1505 illi
941 1468 959 1506 a
968 1451 1108 1507 veteribus
1119 1457 1183 1506 sunt

100 1519 248 1590 amand,
265 1525 297 1574 et
308 1519 371 1574 illos
382 1524 503 1574 mortuos
515 1535 576 1574 esse
587 1519 683 1574 docuit
694 1525 723 1574 et
733 1517 869 1592 originem
880 1535 968 1575 vanae
980 1519 1184 1591 superstitionis

100 1597 210 1651 mandit.
255 1613 332 1656 eum
355 1613 431 1656 vero
448 1596 539 1668 inquit
555 1602 588 1655 et
604 1613 709 1656 mares
727 1601 759 1657 et
780 1591 917 1656 feminas
939 1592 1118 1678 complures
1141 1615 1182 1658 ex

99 1673 263 1742 bominibus
291 1677 326 1741 in
352 1677 485 1742 deorum
511 1699 645 1742 numero
672 1698 742 1743 esse
764 1677 929 1743 videamus
952 1689 984 1744 et
1010 1699 1122 1744 eorum
1147 1676 1181 1742 in

29 1829 31 1844 Ι
99 1761 214 1859 urbibus
232 1775 332 1848 atque
350 1762 436 1850 agris
454 1761 681 1850 augustissima
699 1762 833 1829 delubra
850 1785 1048 1840 veneremur,
1066 1763 1182 1831 adsen-

99 1855 197 1911 tamur
214 1869 329 1912 eorum
347 1847 531 1933 sapientiae,
550 1868 688 1932 qnorum
704 1847 840 1934 ingeniis
854 1859 885 1914 et
902 1849 1041 1916 inventis
1053 1871 1181 1915 omnem

28 1923 29 1944 ¹
99 1931 180 1997 vitam
197 1933 327 2021 legibus
340 1944 373 1999 et
389 1933 541 1999 institutis
555 1933 713 1999 excultam
727 1934 998 2020 constitutamque
1015 1935 1181 2000 habemus.

26 2043 27 2048 ¹
99 2019 221 2099 quodsi
247 2019 354 2084 ullum
379 2042 434 2084 um
458 2041 534 2084 uam
565 2019 682 2084 animal
714 2021 965 2085 consecrandum
990 2020 1067 2098 fuit,
1100 2019 1180 2085 illud

25 2089 27 2166 l
99 2102 223 2252 profecto
251 2105 325 2170 fuit.
378 2106 405 2170 si
432 2041 549 2170 dadai
575 2106 743 2191 progenies
771 2118 827 2170 aut
853 2105 1098 2192 Amphitryonis
1125 2113 1181 2171 aut

120 2191 224 2272 yndari
238 2192 274 2257 in
289 2191 413 2257 caelum
431 2191 572 2256 tollenda
589 2190 676 2255 fama
692 2192 764 2268 fuit,
783 2192 857 2256 huic
871 2192 958 2257 idem
975 2191 1077 2256 honos
1095 2202 1181 2258 certe

98 2272 235 2342 dicandus
258 2288 324 2354 est3
348 2276 434 2359 quod
456 2275 586 2360 quidem
610 2277 726 2342 faciam
748 2289 843 2360 teque
866 2277 1009 2341 omniurn
1027 2277 1190 2362 optimam·

24 2371 26 2438 ξ
98 2358 365 2446 doctissimamque
389 2361 640 2448 adprobantibus
663 2362 712 2428 dis
734 2362 955 2426 inmortalibus
977 2362 1055 2445 ipsis
1076 2361 1111 2424 in
1128 2381 1183 2426 eo·

24 2445 25 2506 T
97 2467 155 2510 rum
172 2461 265 2513 coetu
289 2449 427 2512 locatam
444 2448 485 2512 ad
504 2447 687 2534 opinionem
705 2447 849 2510 omniurn
870 2446 1052 2510 mortalium
1070 2465 1182 2511 conse·

24 2531 25 2538 '
97 2531 189 2598 orabo.
231 2539 353 2596 fortasse
369 2538 445 2596 dicet
456 2538 570 2610 aliquis,
587 2553 657 2610 prae
672 2536 758 2592 nimio
775 2537 852 2590 luctu
868 2533 1001 2592 delirasse
1013 2533 1182 2592 Ciceronem.

97 2614 162 2684 atqui
172 2617 259 2672 omnis
270 2617 322 2672 illa
333 2617 421 2672 oratio
433 2622 462 2672 et
477 2615 605 2672 doctrina
621 2618 650 2670 et
665 2611 800 2693 exemplis
811 2611 918 2694 etnipso
932 2610 1065 2694 loquendi
1079 2626 1184 2694 genere

97 2681 208 2750 perfecta
221 2702 281 2741 non
292 2684 384 2757 aegri,
405 2686 455 2740 sed
470 2683 623 2741 constantis
639 2681 725 2738 animi
741 2698 775 2738 ac
790 2680 887 2736 rudiori
902 2680 970 2752 furt,
991 2685 1020 2736 et
1034 2680 1106 2737 hacc
1120 2697 1184 2753 ipsa

97 2754 219 2810 amenus
229 2753 338 2809 nullum
348 2753 472 2824 praefert
482 2752 617 2808 indicium
630 2751 745 2821 doloris;
761 2750 936 2820 nequeenim
951 2754 1019 2874 puto
1034 2749 1114 2806 illum
1124 2755 1184 2806 tam

96 2819 169 2890 rane,
188 2827 246 2878 tam
263 2821 388 2892 copiose,
405 2826 463 2876 tarn
478 2825 574 2876 ornate
590 2819 712 2876 scribere
727 2819 850 2890 potuisse
884 2818 939 2875 nisi
969 2824 1062 2876 ucturn
1078 2819 1138 2876 eius
1153 2824 1183 2874 et

96 2886 156 2942 ratio
174 2889 236 2961 ipsa
256 2896 288 2946 et
307 2889 458 2945 consolatio
478 2889 629 2946 amicornm
650 2893 680 2944 et
698 2886 831 2961 temporis
850 2859 996 2961 longitudo
1014 2887 1182 2961 mitigasset.

97 2954 289 3014 Lactantius
298 2957 367 3014 Inst.
380 2958 435 3014 dir.
446 2959 472 3026 Ι,
485 2959 527 3028 15,
539 2957 582 3014 20.

152 3029 199 3095 15.
221 3038 325 3092 docent
334 3035 443 3092 dirinoe
452 3035 563 3090 litterae
571 3051 627 3090 non
636 3033 775 3106 exstingui
784 3033 957 3103 animas‚sed
964 3031 1184 3102 autproiustitia

97 3112 205 3178 praemio
217 3111 296 3168 affici
306 3117 356 3167 aut
366 3127 457 3184 poena
465 3128 518 3194 pro
527 3110 678 3167 sceleribus
686 3111 866 3183 sempiterna,
877 3126 930 3166 nac
941 3107 1016 3164 enirn
1026 3108 1070 3163 fas
1080 3112 1123 3162 est
1134 3112 1183 3162 aut

97 3193 162 3249 eun,
177 3183 225 3252 qni
242 3181 394 3236 sceleratus
404 3181 435 3236 in
446 3184 505 3236 vita
516 3179 636 3236 feliciter
647 3180 744 3248 fuerit,
761 3179 886 3251 effugere
898 3178 973 3249 qnod
983 3180 1117 3246 meretur,
1134 3182 1184 3231 aut

97 3261 163 3317 eum,
177 3251 225 3320 qni
240 3249 279 3306 cb
295 3249 432 3303 iustitiam
446 3249 615 3304 miserrimus
626 3249 724 3317 fuerit,
736 3265 787 3303 sua
797 3248 926 3303 mercede
937 3244 1071 3300 fraudari.
1106 3246 1184 3315 quod

97 3313 263 3374 adooverum
274 3321 329 3387 est,
344 3323 376 3372 ut
390 3318 467 3373 idem
478 3317 588 3372 Tullius
603 3318 633 3373 in
645 3315 838 3372 Consolatione
853 3333 909 3371 non
921 3313 1034 3370 easdem
1045 3314 1126 3370 sedes
1140 3313 1183 3369 in·
1299 3299 1301 3376 l

97 3391 176 3450 colere
185 3394 274 3450 instes
286 3398 370 3464 atque
380 3393 482 3466 impios
491 3393 704 3465 praedicaverit.
740 3410 801 3454 nec
823 3387 908 3454 enim
926 3385 1075 3452 omnibus
1090 3386 1184 3462 inquit
1298 3421 1300 3452 t

97 3470 181 3538 iidem
202 3475 249 3539 illi
271 3474 429 3560 sapientes
446 3474 590 3538 arbitrati
608 3485 683 3538 sunt
699 3473 837 3539 eundem
855 3494 984 3538 cursum
1006 3472 1040 3536 in
1058 3475 1182 3539 caelum

116 3571 207 3625 atero:
225 3581 301 3626 narn
315 3558 400 3624 vitiis
414 3571 446 3624 et
459 3559 631 3625 sceleribus
646 3559 876 3624 contaminatos
890 3557 1026 3642 deprimi
1042 3557 1076 3622 in
1093 3569 1184 3624 tene·
1284 3628 1289 3637 ,

99 3578 161 3710 bras
177 3659 273 3730 atque
290 3645 324 3710 in
338 3667 437 3710 caeno
454 3643 558 3711 iacere
572 3644 759 3720 docuerunt,
777 3653 881 3709 castos
899 3657 1006 3708 autern
1018 3639 1183 3742 [animos],

99 3749 197 3875 puros,
218 3731 376 3817 integros,
398 3730 614 3816 incorruptos,
636 3729 729 3795 bonis
747 3729 843 3796 etiarn
861 3728 974 3794 studiis
992 3741 1088 3809 atque
1106 3737 1183 3790 artr-

117 3836 150 3879 us
166 3816 330 3903 expolitos,
348 3815 412 3881 leni
430 3816 570 3900 quodam
588 3826 621 3880 et
637 3813 725 3881 facili
746 3816 841 3901 lapsu
858 3814 900 3879 ad
917 3813 1005 3889 deos,
1023 3811 1058 3876 id
1074 3821 1124 3876 est
1140 3809 1183 3874 ad

99 3909 233 3967 naturam
251 3901 301 3967 sui
319 3900 464 3979 similem,
481 3901 658 3988 pervolare.
702 3905 875 3962 Idsmlmt
888 3901 944 3958 div.
956 3900 1065 3970 111,19,
1077 3900 1103 3954 6.

155 3985 205 4052 16.
227 3993 267 4046 Μ.
279 3991 389 4048 'Ibllius
400 3991 430 4047 in
442 4009 493 4048 sua
501 3990 697 4048 Consolatione
707 4005 848 4063 pugnasse
860 4005 890 4044 se
902 4001 1011 4055 semper
1022 3989 1119 4041 contra
1129 3984 1184 4042 ior·

98 4067 184 4124 unum
198 4070 318 4142 loquitur
334 4084 480 4141 csmquaa
496 4085 527 4126 sa
543 4083 604 4126 esse
620 4072 793 4141 superstans,
810 4081 873 4122 curn
888 4062 999 4119 fortiter
1012 4060 1185 4129 inimicorum
1282 4111 1283 4116 ,
