2674 4558
153 223 193 288 10
512 234 549 286 M.
569 233 705 291 TULLII
722 231 919 290 CICERONIS

149 373 231 424 tam:
254 379 337 441 quae
354 359 408 425 lex
425 357 536 446 paucis
553 357 603 422 his
621 357 711 422 annis
729 379 792 422 non
810 358 906 424 modo
925 358 1053 444 scripta,
1073 357 1129 422 sed
1147 359 1274 426 etiam
1316 413 1317 416 ,

150 446 215 511 iata
232 455 325 510 esset.

253 537 283 592 P.
296 537 442 606 Sulpicium
453 538 487 592 in‘
497 535 628 588 tribunatu
639 535 707 588 lane
719 536 825 589 eandem
837 537 917 604 lepem
947 536 953 548 ’
986 535 1273 606 ificaoimnstulisse3
1316 551 1317 554 ¹

201 605 260 660 tulit
271 615 357 660 antem
369 607 401 659 L.
414 607 497 674 Sylla,
509 605 555 674 qui
566 612 657 672 postea
668 602 732 669 felin
746 605 894 672 appellatus
905 553 985 674 leiti?
990 607 1020 666 Q.
1032 605 1156 674 Pompeio
1171 605 1266 658 0033,

200 683 262 729 ante
278 675 379 728 XXIII
391 689 475 727 annos
490 689 568 753 quam
583 673 646 725 laec
661 673 730 724 dicta
746 681 818 740 aunt,
841 689 899 724 cum
912 691 962 742 per
977 690 1027 726 mm
1042 690 1097 726 rem
1109 672 1270 742 publicam

197 743 354 814 possedisset
366 751 389 794 et
401 743 434 794 ab
445 741 524 794 initu's
541 740 668 792 bonarum
680 742 810 794 actionum
822 742 858 794 ad
869 743 987 810 perditos
998 758 1155 812 propressus
1167 751 1243 794 esset
1250 761 1270 806 ;

201 811 271 881 quod
285 819 309 862 et
327 810 428 862 initium
450 809 574 862 bellorum
590 809 702 862 aiodian
717 807 769 876 fuit
783 819 807 862 et
824 817 935 880 propter
954 811 1024 880 quod
1043 811 1098 879 ipse
1113 810 1267 879 Sulpicius
1316 839 1317 842 =

199 879 314 932 consules
326 879 408 930 armis
420 879 475 930 iure
488 893 627 946 oppressus
639 893 693 930 esse
706 878 773 930 nisus
786 887 830 931 est.

207 965 244 1042 Γ4.
266 965 301 1031 in
319 987 383 1048 quo
402 987 476 1030 cum
498 965 599 1030 multa
616 965 810 1051 reprehensa
827 965 904 1042 sint,
928 977 1000 1034 tum,
1014 966 1048 1030 iu
1065 963 1176 1061 primis
1195 987 1265 1030 ce-

147 1052 255 1117 leritas
274 1051 418 1116 actionis.

251 1143 406 1198 celeritatem
422 1143 533 1195 actionis
549 1143 688 1214 siqnificat,
705 1160 768 1212 quea
780 1143 916 1210 Manilius,
933 1143 999 1196 sicut
1014 1143 1068 1196 iam
1079 1141 1259 1208 ostendimus,

195 1212 494 1350 Wlfpwggiuiirwm
511 1211 564 1264 dies
575 1228 654 1282 quam
666 1213 761 1265 inierat
772 1209 939 1278 trilunatum,
956 1213 1036 1280 lepem
1048 1212 1155 1265 eandem
1170 1211 1257 1264 Com·
1316 1223 1317 1288 j

212 1367 244 1434 5.
265 1369 378 1455 petivit
403 1378 511 1432 tamen
534 1390 553 1431 a
574 1391 626 1434 me
652 1379 743 1454 pater
769 1367 909 1433 maxima
935 1369 1180 1445 contestatione,
1212 1379 1257 1430 ut

148 1478 280 1522 causam
297 1453 424 1518 Manilii
442 1453 657 1519 defenderem.

254 1549 282 1602 C.
296 1547 391 1600 Attium
405 1545 507 1599 Celsum
518 1547 657 1617 siginificat,
670 1547 736 1599 sieut
748 1547 801 1600 ium
813 1555 873 1600 ante
885 1547 980 1599 dictum
992 1553 1036 1598 est.

213 1635 243 1698 6.
267 1655 341 1697 nam
360 1653 434 1697 cum
451 1633 478 1697 is
497 1633 644 1709 tribunus
661 1633 705 1718 pl.
724 1633 805 1698 duas
822 1633 910 1718 leges
928 1633 1052 1698 tulisset
1069 1633 1102 1697 in
1120 1653 1158 1697 eo
1178 1654 1253 1695 ma-

148 1721 299 1805 gistratu,
317 1741 413 1782 unam
433 1718 653 1803 perniciosam,
672 1718 803 1782 alteram
821 1719 995 1804 egregiam,
1014 1719 1101 1802 quod
1118 1739 1252 1782 summa
1316 1743 1317 1748 ¹

148 1828 183 1871 re
205 1805 335 1891 publiea
355 1825 419 1868 non
439 1805 553 1879 haesit,
576 1804 610 1866 id
633 1803 746 1868 abillo
768 1804 838 1888 ipso
863 1814 901 1867 tr.
920 1804 1080 1869 abiectum
1099 1813 1161 1880 est,
1188 1803 1251 1866 bo-

147 1914 227 1955 num
254 1901 361 1954 autem
387 1890 474 1972 quod
497 1911 622 1954 summa
647 1911 682 1954 re
708 1889 838 1974 publica
864 1902 988 1966 manet,
1014 1889 1048 1954 in
1075 1889 1173 1954 vestri
1195 1909 1252 1952 or-
1316 1901 1317 1972 j

147 1975 341 2042 dina....dis
418 1975 488 2038 fuit.

253 2085 328 2122 versu
340 2085 357 2121 α
365 2069 451 2136 primo
464 2067 595 2122 DCCCL.
609 2069 669 2120 dicit
681 2069 712 2122 de
724 2070 811 2121 eodem
822 2069 923 2122 Manili
932 2069 1072 2122 tribunatu.
1101 2061 1197 2121 dictum
1209 2075 1249 2119 est

200 2138 278 2190 etiarn
288 2153 370 2205 supra
382 2137 413 2189 de
423 2137 461 2188 tis
473 2136 582 2205 lepidus:
600 2153 712 2206 quorum
723 2154 776 2190 una
789 2139 820 2190 de
831 2137 1008 2190 libertinorum
1020 2133 1164 2206 suffrapiis,
1177 2151 1247 2205 quae
1316 2137 1317 2142 ’

200 2221 259 2258 cum
274 2207 498 2258 senatusconsulto
515 2207 642 2258 damnata
658 2214 734 2271 esset,
752 2205 785 2258 ab
801 2206 858 2274 ipso
875 2221 975 2276 quoque
990 2205 1136 2274 Manilio†
1151 2206 1247 2257 altera,

200 2273 309 2340 defensa
324 2282 362 2325 est
376 2275 484 2339 [altera]
503 2273 535 2326 de
551 2273 616 2326 bello
633 2273 810 2326 Mithridatico
829 2275 876 2328 Cn.
893 2274 1017 2342 Pompeio
1033 2283 1108 2326 extra
1129 2273 1247 2326 ordInem
1316 2333 1317 2336 Ἴ

199 2342 358 2408 mandando,
371 2359 403 2393 ea
414 2358 468 2412 qua
479 2343 534 2410 lepe
545 2350 598 2394 tum
610 2343 727 2410 Mapnus
738 2343 876 2410 Pompeius
889 2343 981 2395 bellum
991 2343 1104 2410 perebat.
1316 2347 1317 2350 ’

214 2429 245 2494 7.
268 2429 337 2494 aliis
355 2429 408 2494 ille
430 2429 462 2494 in
485 2429 576 2494 illum
594 2429 735 2496 furorem
757 2431 884 2515 magnis
906 2429 1088 2494 hominibus
1110 2429 1248 2494 auctori-
1316 2461 1317 2464 ¹

150 2515 212 2582 bus
229 2514 385 2598 impulsus
404 2527 465 2592 est,
488 2515 544 2598 qui
567 2516 697 2598 aliquod
715 2516 837 2581 institui
862 2516 1043 2601 exemplum
1065 2515 1246 2579 disturbem·
1316 2545 1317 2594 3

149 2603 263 2666 dorum
276 2599 465 2664 iudiciorum
474 2598 534 2686 <rei
546 2600 707 2688 publicae>
721 2602 1033 2687 perniciosissimum,
1049 2600 1244 2683 temporibus
1316 2615 1317 2652 1

149 2687 216 2751 suis
238 2683 621 2764 adcommodatissimum,
644 2689 724 2752 meis
746 2687 974 2752 alienissimum
995 2683 1171 2748 rationibus
1189 2705 1244 2748 cu·

149 2771 287 2858 pierunt.

251 2862 313 2916 dicit
325 2862 356 2914 de
366 2862 508 2915 disturbato
526 2863 619 2916 ardicio
630 2864 788 2918 Maniliano.
824 2865 856 2917 L.
871 2862 1011 2916 Catilinam
1027 2871 1051 2914 et
1064 2862 1111 2915 Cn.
1124 2862 1243 2916 Pisonem
1316 2871 1317 2918 3

202 2931 302 2984 uidetur
313 2931 470 3001 eipnificare.
505 2930 654 2997 scitantem
668 2933 783 2986 Catilina
791 2931 926 3000 patricius,
939 2939 963 2983 et
975 2933 1062 2984 eodem
1074 2931 1120 2983 illo
1133 2939 1243 3000 tempore
1316 2933 1317 2982 ἰ

90 3018 100 3022 “
200 3007 257 3053 erut
268 3017 328 3052 reus
340 3001 550 3067 repetundarum,
567 3017 626 3054 eum
638 3001 801 3068 provinciam
813 2999 934 3066 Africam
950 3000 1098 3052 obtinuisset
1112 3009 1136 3054 et
1153 3017 1242 3052 comu-
1316 3039 1317 3044 ,

201 3070 272 3122 latus
289 3069 454 3122 candidatam
470 3085 498 3121 se
514 3069 671 3121 ostendisset.
707 3077 845 3120 accusator
859 3077 917 3120 erat
934 3068 988 3120 dus
999 3069 1031 3121 P.
1047 3067 1165 3135 Clodius,
1181 3069 1242 3121 ado-
1316 3083 1317 3132 ᾗ

201 3139 300 3190 lescens
315 3137 370 3206 ipse
398 3153 481 3206 noque
489 3137 614 3204 perditas,
627 3137 674 3205 qui
683 3145 776 3204 postea
788 3152 847 3188 cum
860 3137 985 3189 Cicerone
999 3137 1149 3189 inimicitias
1158 3139 1240 3204 pesee't.
1316 3145 1317 3159 ¹

202 3205 250 3258 Cn.
263 3222 364 3274 qnoque
375 3153 447 3270 ilico,
464 3205 615 3257 adolescens
628 3213 721 3273 potens
733 3213 756 3256 et
769 3205 937 3270 turbulentus,
950 3203 1093 3271 familiaris
1104 3213 1161 3258 erut
1174 3205 1240 3274 Cati·
1316 3191 1317 3276 i

200 3273 271 3326 linae
283 3273 445 3343 omniumque
457 3273 624 3326 consiliorum
636 3273 691 3325 eius
699 3273 832 3340 particeps
843 3281 867 3326 et
879 3273 1014 3326 turbarum
1026 3283 1126 3328 auctor.
1316 3281 1317 3284 ’

214 3359 244 3436 8,
263 3360 294 3425 9.
317 3382 447 3446 possum
465 3360 585 3436 dicere,
608 3360 769 3425 hominem
788 3383 913 3426 summa
935 3361 1105 3446 prudentia
1122 3363 1238 3427 clarum

147 3443 339 3512 Coenam
366 3446 406 3510 de
433 3445 498 3510 suis
525 3445 651 3530 legibus
675 3446 867 3530 abrogandis
894 3447 1000 3532 ipsum
1027 3448 1069 3511 ad
1096 3459 1236 3512 senatum

147 3531 323 3607 rettulisse3
346 3553 477 3616 possum
497 3541 528 3597 et
551 3532 692 3596 eiusdem
712 3530 827 3597 Cottae
849 3533 954 3618 legem
972 3534 1012 3598 de
1029 3533 1154 3598 iudiciis
1178 3531 1236 3618 pri-
1316 3547 1317 3612 g

148 3618 231 3682 vatis
249 3637 333 3680 anno
351 3627 433 3702 post,
451 3638 550 3698 quam
567 3619 631 3681 lata
650 3618 699 3695 sit,
718 3641 737 3682 a
755 3617 853 3684 fratre
871 3619 939 3711 eius
958 3616 1181 3704 (abrogatam),

252 3724 328 3760 vasu
340 3710 401 3760 circ.
414 3709 495 3762 MXI.

199 3775 240 3828 laic
251 3784 289 3828 est
302 3775 386 3842 Cotta,
404 3776 435 3828 de
446 3795 496 3846 quo
511 3777 565 3830 iam
577 3793 653 3846 saepe
665 3779 783 3846 diximus,
800 3795 910 3848 mapmn
922 3787 1014 3832 orator
1025 3779 1127 3832 habitus
1139 3788 1162 3832 et
1173 3796 1235 3832 com·

195 3861 251 3912 par
266 3845 294 3896 in
313 3861 345 3896 eu
358 3846 447 3912 ploria
462 3847 494 3898 P.
511 3847 627 3914 Sulpicio
643 3855 669 3900 et
686 3847 714 3900 0.
733 3848 849 3901 Caesari.
889 3849 1007 3900 uidentur
1023 3857 1107 3900 autem
1124 3849 1152 3900 in
1167 3849 1235 3902 relus

196 3914 290 3980 parcas
305 3911 387 3978 fnisse
402 3915 469 3983 lepes
480 3915 553 3982 illae,
571 3933 637 3985 quas
648 3933 706 3970 eum
718 3915 829 3984 tulisset,
844 3917 933 3969 retulit
949 3917 980 3968 de
996 3917 1029 3968 iis
1040 3915 1195 3984 coronandis
1205 3919 1237 3970 ad

200 3989 333 4046 senatum·
354 3998 417 4036 nam
432 4000 514 4054 neque
530 3984 601 4051 apud
612 3985 755 4038 Salustium
771 4001 853 4054 neque
864 3985 936 4053 opud
946 3985 1060 4051 Liuium,
1076 4002 1158 4054 neque
1173 3987 1237 4053 opud

200 4048 370 4104 Fenestellam
386 4053 465 4106 ullius
481 4052 588 4106 alterius
604 4054 674 4106 lotoe
686 4053 720 4106 al>
731 4069 761 4106 eo
773 4054 836 4122 lepis
848 4054 950 4121 mentio,
964 4061 1152 4122 praeteream,
1165 4069 1235 4125 pacm
