2714 4554
508 266 759 326 FRAGMENTA.

78 389 137 454 hoo
156 389 289 474 signum
307 388 443 454 veniens
460 401 610 474 poterunt
627 413 834 477 praenoscere
852 403 984 458 nautae:

79 476 143 538 iam
160 496 263 561 prope
281 474 513 560 praecipitante
531 477 640 541 licebit
657 478 759 543 visere
777 488 885 554 nocte,

83 572 116 624 ut
131 583 204 626 sese
223 581 394 646 emergens
411 560 558 637 ostendat
577 561 726 647 Scorpios
745 563 820 639 alto,

83 644 259 731 posteriore
277 645 408 712 trahens
426 647 545 713 flexum
563 647 596 711 vi
613 647 754 733 corporis
772 670 882 714 arcum
887 673 896 725 3

83 734 137 797 aad
152 731 249 816 Nepa
268 755 330 794 noa
346 732 476 796 multum
488 739 588 817 prior,
608 746 640 798 at
654 737 743 820 prior
760 736 820 798 ecit
838 734 877 798 ab
894 736 995 798 auda.

85 817 151 881 iam
167 837 287 916 supera
305 837 416 882 cernes
435 817 527 881 Arcti
545 829 642 904 caput
659 839 728 883 esse
745 818 875 883 minoris

87 913 119 968 ot
134 924 243 987 magis
260 912 403 966 erectum
421 902 462 966 ad
479 925 640 967 summum
658 903 813 970 versarier
830 904 949 970 orbem.

89 1001 158 1052 tum
176 1008 249 1052 sese
267 983 372 1052 Orion
389 998 454 1052 toto
471 988 535 1052 iam
554 1010 608 1052 cor
631 1010 685 1054 ore
704 989 811 1054 condit

89 1082 235 1138 extrema
251 1093 352 1158 prope
368 1084 473 1150 nocte,
491 1084 524 1138 et
542 1011 692 1159 Cepheus
711 1075 856 1139 conditur
874 1071 947 1150 alte,

88 1158 275 1223 lumborum
292 1168 384 1222 tenus
402 1181 422 1222 a
439 1159 546 1243 palma
563 1159 715 1244 depulsus
733 1160 775 1224 ad
791 1159 931 1224 umbras.

131 1241 200 1306 Hic
217 1242 350 1308 missore
368 1265 485 1308 vacans
503 1243 630 1329 fulgens
648 1245 732 1310 iacet
748 1267 814 1308 una
832 1242 997 1327 Sagitta,

88 1351 190 1414 quam
231 1338 338 1412 ropter
355 1328 458 1394 nitens
477 1329 575 1415 pinna
592 1329 793 1395 convolvitur
810 1328 904 1394 Ales:

88 1415 172 1480 haec
188 1413 228 1478 c‘
253 1425 307 1477 ata
323 1414 426 1499 magis
444 1415 540 1498 paulo
559 1426 606 1480 est
623 1413 795 1497 Aquilonis
813 1413 856 1478 ad
872 1434 977 1478 auras.

88 1510 122 1563 at
139 1508 273 1584 propter
290 1520 324 1562 se
341 1498 487 1583 Aquila
504 1499 628 1564 ardenti
648 1522 721 1564 cum
740 1519 870 1583 corpore
888 1508 1003 1583 portat,

88 1584 265 1670 igniferum
282 1584 425 1650 mulcens
443 1585 659 1650 tremebundis
677 1583 807 1652 aethera
824 1584 939 1670 pinnis,

88 1691 154 1734 ιιοιι
172 1668 267 1732 nimis
285 1667 408 1754 ingenti
425 1691 499 1734 oum
516 1691 659 1755 corpore,
678 1671 735 1736 sed
751 1691 850 1754 grave
867 1668 997 1734 maestis

3 1811 4 1818 ,
89 1753 232 1820 ostendit
247 1755 352 1818 nautis
369 1754 560 1840 perturbans
578 1776 718 1838 aequora
736 1755 873 1840 signum.

131 1838 347 1928 Tummagni
364 1861 481 1906 ourvus
500 1837 689 1924 Capricorni
706 1861 839 1924 corpora
855 1850 985 1926 propter

89 1925 307 2012 Delphinus
324 1925 417 2004 iacet,
435 1925 523 1992 haud
540 1925 638 1990 nimio
656 1926 802 1990 lustratu’
820 1926 932 2001 nitore,

90 2025 218 2098 praeter
237 2012 451 2098 quadruplicis
470 2013 577 2078 stellas
595 2012 629 2076 in
645 2010 750 2077 fronte
767 2011 897 2087 locatas,

90 2120 170 2182 quas
187 2099 390 2164 intervallum
409 2098 501 2162 binas
520 2099 717 2163 disterminat
734 2119 843 2162 unum.

90 2193 196 2250 cetera
213 2205 289 2268 pars
306 2184 369 2251 late
388 2184 475 2254 tenui
493 2205 566 2255 cum
585 2183 704 2250 lumine
722 2183 829 2268 serpit.

4 2289 6 2350 3
90 2269 174 2344 illae,
191 2290 276 2352 quae
293 2267 419 2354 fulgent
435 2270 524 2335 luces
542 2291 583 2337 ex
601 2290 655 2334 ore
674 2290 817 2344 corusco,

92 2366 166 2420 sunt
182 2354 266 2418 inter
283 2355 382 2438 partis
399 2354 522 2440 gelidas
541 2353 706 2437 Aquiloni’
724 2355 847 2418 locatae

4 2509 7 2528 .
92 2450 188 2523 atque
205 2439 289 2504 inter
306 2439 445 2524 spatium
463 2450 494 2504 et
510 2440 585 2505 laeti
604 2438 740 2524 vestigia
759 2436 853 2508 Solis.

93 2538 125 2588 at
140 2547 217 2610 pars
234 2524 366 2590 inferior
383 2524 536 2609 Delphini
553 2524 627 2590 fusa
644 2524 770 2588 videtur

93 2611 175 2675 inter
192 2608 279 2685 Solis
296 2611 367 2686 iter,
385 2610 478 2674 simul
496 2611 579 2674 inter
596 2609 726 2677 flamina
743 2605 841 2680 venti,

94 2695 215 2759 viribus
234 2697 372 2782 erumpit
388 2717 452 2779 qua
470 2695 588 2760 summi
604 2693 734 2778 spiritus
751 2689 873 2754 Austri.

136 2780 265 2845 Exinde
284 2778 406 2846 Orion
423 2780 553 2864 obliquo
572 2801 704 2865 corpore
722 2778 826 2842 nitens

94 2866 246 2931 inferiora
263 2877 350 2933 tenet
366 2865 536 2932 truculenti
554 2887 688 2950 corpora
705 2862 819 2928 Tauri:

95 2973 192 3035 quem
208 2951 267 3034 qui
283 2951 458 3036 suspiciens
476 2951 509 3015 in
529 2952 652 3018 caelum
670 2960 763 3014 noete
781 2969 893 3012 serena

95 3039 159 3102 late
177 3037 357 3122 dispersum
374 3059 440 3102 non
457 3035 582 3112 viderit,
601 3035 689 3100 haud
706 3035 751 3098 ita
768 3054 844 3098 vero

96 3133 378 3207 ceterasespe1et
396 3141 589 3206 cognoscere
607 3121 699 3206 signa
716 3129 851 3204 potesse.

139 3207 290 3291 Namque
307 3208 406 3293 pedes
424 3207 533 3272 subter
550 3207 644 3272 rutilo
663 3227 737 3270 cum
754 3202 874 3268 lumine
892 3200 991 3264 claret

98 3292 241 3359 fervidus
259 3292 312 3357 ille
331 3290 450 3358 Canis
468 3292 630 3357 stellarum
647 3292 719 3356 luce
736 3289 910 3372 refulgens.

98 3378 173 3444 huic
191 3378 273 3464 tegit
289 3378 444 3445 obscurus
463 3375 572 3441 subter
589 3374 775 3461 praecordia
792 3384 916 3437 venter:

98 3485 157 3530 nec
174 3486 252 3528 vero
271 3475 337 3528 toto
356 3463 479 3564 spirans
498 3462 538 3526 de
556 3481 687 3546 corpore
705 3460 866 3524 flammam

98 3549 266 3616 aestiferos
284 3549 398 3620 validrs
416 3546 554 3632 erumpit
571 3545 700 3611 flatibus
717 3545 728 3608 i
775 3544 816 3607 'st

99 3649 185 3702 totus
203 3635 246 3700 ab
264 3656 319 3700 ore
336 3634 457 3701 micans
474 3632 589 3696 iacitur
606 3629 731 3696 mortali
754 3650 793 3693 us
811 3627 913 3692 ardor.

101 3723 229 3786 Sirion
247 3721 326 3784 buno
347 3717 456 3784 Graeci
468 3717 630 3802 praeclaro
648 3717 769 3780 nomiae
785 3715 898 3778 dicuat.

101 3807 152 3872 hio
169 3806 228 3871 ubi
245 3827 281 3870 se
298 3803 417 3890 pariter
435 3825 508 3869 oum
528 3800 603 3870 Sole
620 3800 793 3866 inlumina
810 3797 890 3863 caeli

102 3892 224 3969 extulit,
242 3890 331 3955 haud
348 3889 468 3974 patitur
485 3887 635 3952 foliorum
652 3885 792 3972 tegmine
811 3883 929 3947 frustra

104 3997 275 4064 suspensos
292 3974 416 4040 animos
434 3973 564 4038 arbusta
581 3982 694 4036 ornata
710 3981 827 4035 tenere.
898 4051 905 4065 .

104 4087 176 4128 nam
194 4083 334 4148 quorum
352 4059 459 4145 stirpis
477 4058 571 4123 tellus
589 4057 736 4142 amplexa
754 4051 931 4140 prehendrt,
