2674 4558
516 219 768 282 FRAGMENTA.
1175 212 1193 275 'l

154 340 209 404 14.
233 343 332 401 Cicero
349 362 458 418 quoque
475 349 536 416 [de]
555 349 725 406 divinatione
744 352 775 406 in
792 351 909 408 Verrem
930 357 959 407 et
978 370 1029 426 pro
1046 354 1139 426 Oppio
1155 355 1194 410 H.

90 426 202 490 senati.
238 429 368 486 Charis.
381 431 405 502 I,
418 433 469 488 143
481 432 524 488 ed.
538 433 612 488 Keil.

323 593 374 650 IV.
412 593 622 652 ORATIONIS
639 596 715 652 PRO
736 595 767 653 O.
786 597 962 656 MANILIO.

153 697 185 764 1.
219 699 273 765 hio
305 722 366 764 eo
397 722 462 765 non
495 701 600 765 solum
631 703 799 780 confiteor,
826 705 883 768 sed
910 705 1007 770 etiam
1033 706 1192 791 profiteor.
1295 705 1297 710 ’

85 780 259 837 Noniusv.
273 798 305 836 oo
345 782 399 838 teri
413 801 441 853 p.
453 783 514 838 434.

313 934 349 991 V.
387 935 596 993 ORATIONIS
614 937 691 992 PRO
710 939 748 992 M.
767 939 979 998 FUNDANIO.

154 1041 186 1102 1.
210 1060 277 1104 non
295 1040 391 1103 modo
416 1040 477 1106 hoc
501 1065 520 1106 a
537 1041 636 1106 Villio
654 1044 796 1120 Annale‚
820 1046 876 1110 sed
898 1046 954 1110 vix
974 1045 1156 1113 mehercule
1174 1071 1194 1113 a

87 1123 130 1204 Q.
149 1123 293 1189 Mutone
312 1125 436 1190 factum
453 1127 583 1211 probari
600 1139 715 1212 potest.
758 1135 864 1190 Prisc.
878 1137 944 1207 Vll,
957 1137 1000 1206 11,
1013 1137 1055 1194 58.

153 1209 190 1273 2.
213 1222 339 1275 essetne
356 1211 400 1286 id,
420 1212 507 1294 quod
524 1212 625 1278 Meno
643 1214 830 1278 nuntiasset.
860 1220 965 1275 Prisc.
979 1221 1029 1292 VI,
1042 1223 1067 1292 6,
1080 1223 1122 1278 29.

152 1295 186 1358 3.
209 1301 337 1356 Arcades
349 1331 384 1341 -
394 1319 425 1356 se
440 1303 600 1372 proselenos
616 1319 677 1358 esse
689 1309 827 1374 asserunt,
844 1304 942 1373 idest,
959 1310 1023 1359 ante
1038 1307 1134 1360 lunam
1144 1325 1192 1362 na·

88 1377 240 1499 iis'sfflm
252 1383 282 1432 et
292 1376 391 1432 Cicero
406 1376 437 1432 in
448 1378 633 1434 Fundaniana
649 1385 851 1435 commemorat.
889 1379 978 1436 Serv.
991 1381 1028 1435 od
1040 1382 1075 1436 V.
1089 1381 1192 1506 Geor}

118 1487 125 1513 r

209 1445 247 1500 cf.
264 1444 350 1500 etiam
365 1445 543 1501 Placidum
558 1449 778 1503 Lactantium
793 1449 831 1503 ad
847 1447 916 1504 Stat.
935 1449 1025 1504 Theb.
1037 1449 1089 1520 IV,
1100 1467 1129 1521 p.
1142 1451 1158 1504 1
1176 1453 1193 1505 2

88 1514 131 1566 ed.
141 1513 339 1598 Lindenbrog.

152 1585 187 1648 4.
211 1605 431 1650 commissura.
471 1591 562 1647 Serv.
577 1593 614 1647 ad
625 1592 660 1649 V.
673 1593 744 1647 Aen.
757 1593 809 1664 IX,
822 1594 882 1650 ota.

152 1667 186 1733 5.
208 1682 338 1818 gustata.
374 1676 461 1730 Acro
472 1675 503 1730 in
515 1677 583 1732 Hor.
596 1678 632 1732 A.
645 1677 678 1731 P.
692 1678 753 1732 343.

154 1755 187 1818 6.
235 1755 454 1840 eseripsistine.
475 1755 544 1820 eius
571 1758 802 1835 necessarium,
835 1768 978 1823 nostrum
1007 1761 1194 1846 competito-

87 1841 178 1904 rem?
194 1839 294 1905 istum
311 1841 428 1926 ipsum,
446 1841 538 1906 cuius
556 1863 643 1906 nune
660 1843 765 1907 studio
780 1855 811 1908 et
830 1845 934 1929 gratia
948 1855 1014 1910 tota
1032 1846 1194 1911 accusatio

87 1926 150 1990 ista
168 1926 294 1990 munita
312 1927 378 1990 est?
419 1931 585 1987 Boethius
599 1935 633 1988 de
646 1932 751 1988 definit.
764 1951 791 2006 p.
805 1935 856 1990 658
869 1936 913 1990 ed.
925 1935 991 1989 Bas.
1004 1953 1029 1988 a.
1043 1937 1119 1991 loto.

154 2010 185 2075 7.
209 2032 261 2086 pro
276 2015 423 2070 Fundanio
440 2015 471 2071 O.
488 2021 602 2088 testem,
624 2019 672 2089 qui
687 2018 806 2091 primam
823 2020 883 2075 eius
903 2019 1014 2076 literam
1030 2021 1123 2076 dicere
1138 2036 1194 2077 non

86 2097 192 2164 posset,
203 2091 310 2147 irridet.
347 2091 481 2156 Quinet.
494 2093 519 2162 1,
530 2095 557 2156 4,
570 2095 611 2149 14.
623 2092 625 2094 ’

155 2165 192 2230 8:
212 2164 305 2247 quasi
332 2185 407 2228 vero
431 2165 471 2228 de
494 2165 577 2230 faeie
600 2178 671 2244 tua,
698 2166 861 2245 estuante,
888 2168 1032 2234 dixerim.
1067 2152 1194 2228 vetelius

88 2249 264 2351 potuistine
283 2249 541 2315 contumeliosius
560 2251 677 2328 faeere,
697 2254 723 2316 si
742 2253 800 2316 tibi
818 2253 879 2318 hoc
901 2251 1090 2339 [Parmeno]
1112 2253 1193 2317 alius

86 2357 244 2472 affabar)
270 2356 336 2398 non
362 2335 430 2420 ipse
457 2334 618 2402 Parmeno
645 2338 833 2414 nuntiasset.
861 2343 883 2396 1.
908 2344 1080 2398 Rufinian.
1105 2345 1152 2414 39,
1176 2344 1193 2397 8

88 2435 105 2472 θ
128 2459 134 2471 .
237 2458 244 2471 .

293 2570 344 2627 VI.
380 2569 588 2628 ORATIONIS
604 2571 628 2626 Ι.
647 2571 723 2627 PRO
742 2570 772 2626 O.
793 2571 984 2627 CORNELIO

383 2659 584 2700 nnuuunuruu
599 2660 626 2710 u.
642 2659 760 2702 nsooun
774 2659 901 2700 edomui.

156 2744 185 2797 0.
205 2741 345 2796 Cornelia
363 2743 437 2796 tono
457 2761 511 2796 non
530 2745 663 2812 improbas
683 2745 735 2796 vita
754 2743 856 2796 liabitas
876 2752 920 2796 est.
962 2741 1050 2811 fuerat
1070 2751 1193 2812 quaestor

89 2811 141 2864 Cn.
153 2811 287 2880 Pompeii,
305 2813 364 2865 dein
380 2811 499 2864 tribunus
510 2815 547 2880 pl.
563 2813 591 2866 0.
603 2811 700 2866 Pisrrne
711 2814 828 2878 consule,
847 2812 946 2864 biennio
964 2821 1023 2864 onte
1039 2828 1118 2880 qaam
1129 2813 1193 2864 iraea

89 2881 162 2933 dieta
177 2889 247 2933 sant.
282 2880 310 2933 in
327 2897 356 2932 eo
373 2881 527 2948 mapistrato
542 2882 580 2933 ita
595 2897 622 2932 se
636 2882 727 2948 pessit,
748 2889 777 2932 at
794 2882 860 2934 iusto
877 2881 1039 2948 pertinacior
1055 2880 1191 2932 rideretur.

91 2950 225 3002 olimatm
236 2957 273 3001 eet
288 2957 374 3001 uatem
386 2965 403 3000 a
415 2958 506 3001 senata
518 2965 549 3000 ea
564 2950 613 3000 itae
625 2966 720 3002 cansa.-
740 2950 865 3001 retulerat
877 2950 1053 3013 adsecutum,
1069 2957 1111 3014 at,
1129 2965 1192 3017 qno-

92 3018 165 3070 niam
184 3027 335 3070 exterarum
355 3017 489 3068 nationum
510 3017 601 3084 iepatr's
618 3019 731 3086 pecunia
751 3026 840 3068 mutuo
860 3033 957 3084 acapna
977 3019 1085 3068 daretur
1100 3031 1192 3081 asara,

92 3086 233 3154 turpiaque
248 3094 272 3138 et
287 3084 393 3152 famosa
404 3101 436 3138 ea
452 3102 481 3137 eo
498 3086 573 3138 iecra
587 3086 692 3156 fierent,
715 3103 749 3138 ne
764 3085 821 3154 quei
838 3086 929 3152 lepatir
945 3093 1092 3137 exterarum
1108 3083 1193 3134 natio·

95 3171 156 3206 neon
175 3155 318 3222 pecaniam
342 3169 482 3221 capenam
501 3153 591 3220 ferret.
639 3154 712 3206 cuias
732 3153 884 3205 relationem
908 3151 1054 3220 repudiarit
1078 3158 1192 3218 senatur,

93 3229 120 3272 et
143 3222 255 3274 decrerit
283 3221 349 3274 sutis
376 3220 476 3287 factam
503 3223 586 3274 videri
608 3239 638 3274 eo
659 3224 688 3276 S.
712 3223 754 3288 0.,
781 3222 850 3291 qaod
874 3230 935 3274 ante
954 3235 1039 3272 annos
1062 3221 1192 3287 pauculos

97 3290 129 3341 1..
152 3291 287 3356 Domitio,
316 3291 343 3344 0.
368 3289 456 3344 aniio
490 3290 638 3342 consulibus
666 3289 766 3356 factam
791 3298 865 3354 erat,
894 3306 953 3342 eam
977 3296 1082 3341 renatus
1106 3289 1193 3340 decre·

94 3358 182 3424 miset,
206 3375 241 3410 ne
261 3359 319 3428 quir
341 3357 502 3412 Oretensibas
520 3359 658 3426 pecaniam
678 3366 793 3410 motuum
813 3357 895 3410 daret.
938 3355 1087 3421 Cornelias,
1112 3373 1144 3408 ea
1164 3373 1195 3408 re

96 3424 210 3494 offertus
234 3427 349 3493 senatui,
377 3433 481 3496 questas
505 3435 543 3478 ert
566 3427 656 3478 deinde
679 3427 708 3478 in
732 3426 860 3493 contione,
887 3425 1022 3478 exhauriri
1039 3425 1192 3493 provincias

95 3496 198 3559 marim
209 3495 407 3562 prouidendum,
419 3503 448 3546 at
459 3494 580 3546 iuberent
591 3496 677 3562 lepati,
688 3495 756 3546 unde
768 3493 920 3562 praesentio
931 3531 1074 3547 ...........
1087 3493 1195 3556 darana*

91 3564 329 3632 promutpaoitqoe.
336 3564 429 3630 teperti,
446 3579 499 3630 qao
516 3564 695 3616 anctoritatem
706 3572 811 3615 senatos
822 3562 960 3628 minuebat,
972 3579 1005 3614 ne
1017 3561 1074 3630 quie
1085 3560 1137 3612 nisi
1147 3576 1195 3628 per

92 3633 221 3700 poputum
233 3632 330 3698 lapibus
341 3633 498 3694 solveretar;
520 3631 590 3700 qaod
600 3631 706 3700 antiquo
719 3647 818 3700 qaoque
829 3631 886 3682 iure
898 3639 955 3682 erat
966 3640 1083 3695 cautam,
1107 3629 1196 3696 itaque

93 3700 123 3750 in
134 3700 253 3752 omnibus
264 3702 294 3752 S.
309 3701 347 3765 0.,
364 3699 457 3768 quibus
468 3698 581 3768 aliquem
592 3700 689 3766 leptim
699 3698 767 3751 sotei
773 3699 903 3766 placebat,
921 3699 991 3751 adici
1007 3705 1064 3750 erat
1080 3697 1193 3758 solitum,

95 3775 124 3820 at
135 3768 167 3820 de
178 3784 211 3820 ea
222 3784 253 3819 re
263 3768 300 3820 ad
306 3769 434 3835 populum
445 3765 575 3832 ferretor;
586 3769 631 3819 sed
638 3769 768 3835 paulatim
778 3766 847 3833 ferri
854 3775 912 3818 erat
920 3767 1027 3820 desitum
1037 3779 1129 3843 resque
1140 3765 1193 3813 iam

93 3836 123 3886 in
138 3851 198 3888 eam
213 3837 421 3888 consuetudinem
437 3842 555 3900 venant,
572 3843 601 3888 ut
613 3844 744 3904 postremo
761 3853 793 3888 ne
809 3835 955 3887 adiceretur
966 3835 1067 3905 quidem
1078 3849 1106 3883 tn
1120 3829 1149 3881 S.
1163 3828 1192 3881 Ο.

94 3904 127 3955 de
136 3903 277 3971 rapotiorre
287 3905 323 3954 ad
334 3904 462 3972 poputum
472 3901 594 3970 ferenda,
611 3920 692 3973 eaque
703 3905 761 3972 ipsa
773 3906 802 3957 S.
818 3903 846 3956 0.
855 3919 906 3971 per
916 3904 1044 3972 pauculos
1055 3899 1195 3953 adrandum

95 3971 201 4040 fiebant.
235 3971 339 4041 radipne
354 3987 412 4023 eom
430 3971 546 4024 Cornelii
559 3973 718 4040 repertionem
733 3973 847 4024 tulerant
864 3969 1037 4040 potentissimi
1052 3968 1147 4038 quique
1161 3983 1195 4020 ea

94 4040 273 4108 momine,
294 4055 404 4110 querum
417 4040 506 4108 pratia
521 4057 615 4109 mayoc
631 4057 708 4109 opere
723 4040 885 4094 minuebatur
889 4057 900 4104 ‚·
920 4037 1007 4107 itaque
1022 4038 1054 4092 P.
1067 4035 1193 4092 Servilios
