2714 4554
288 269 333 328 IN
349 269 389 364 M
402 269 516 328 TULL.
531 267 650 324 CICER.
662 267 918 324 DECLAMATIO
930 267 1007 323 2-4.
1140 249 1200 316 149

13 577 14 586 ἦ
94 485 263 555 sectabere?

183 625 300 690 cedant
317 647 407 690 armo
424 635 534 710 togae,
555 623 710 689 concedat
726 622 836 688 laurea
852 623 992 708 linguae.

99 775 187 858 qaam
208 792 282 835 vero
305 768 426 856 topatus
449 780 477 834 et
494 791 556 833 reon
574 781 711 834 armatas
729 789 778 843 ea,
797 792 874 855 qaae
889 771 1045 857 ploriore'e,
1064 790 1135 832 cort·

12 855 13 864 ¹
99 867 218 939 iecerit,
244 875 336 950 atquc
352 866 432 929 inter
449 874 477 928 tc
493 861 672 950 Sullamque
689 865 866 930 dictatorcm
883 875 1009 952 praeter
1025 882 1135 928 nomem

98 961 220 1046 imperii
248 961 411 1044 quicquam
431 957 612 1044 interficerit.
657 961 711 1024 sed
731 961 809 1044 quid
828 982 881 1046 epo
902 963 1001 1048 ploro
1022 961 1059 1025 de
1081 951 1171 1022 tcc4

99 1054 265 1118 insolentia
292 1047 536 1117 commemorem?
561 1071 650 1139 quem
670 1051 812 1118 Minora
834 1077 937 1120 omnes
963 1065 1043 1120 artee
1065 1025 1164 1118 edo-

98 1149 173 1222 cuit,
200 1146 348 1232 Iuppiter
369 1147 502 1232 optimus
526 1147 680 1210 mocimm
703 1148 829 1212 concilio
856 1151 979 1214 deorum
1001 1147 1134 1222 admisit,

97 1240 197 1305 Italia
224 1239 358 1305 ecmtm
383 1239 515 1304 humeris
540 1240 604 1304 suit
630 1241 805 1326 reportavit.
854 1254 962 1307 orote
969 1288 979 1316 ,
934 1239 1139 1307 teRomolc

96 1335 252 1420 Arpinas,
272 1334 327 1419 qui
339 1334 459 1419 eprepia
477 1343 530 1398 tec
542 1336 651 1398 virtute
664 1333 902 1410 omncsPouloe,
921 1334 1048 1408 Fabios,
1067 1331 1139 1397 Sci-

92 1429 206 1513 piones
231 1428 392 1513 soporasti,
415 1448 505 1513 qoem
526 1429 649 1493 tamdem
668 1428 764 1493 locam
786 1429 820 1492 io
842 1427 900 1493 iac
916 1429 1036 1493 civitate
1060 1425 1137 1491 obti-

96 1517 270 1607 retiquae
292 1521 348 1585 tibi
363 1530 471 1607 portes
492 1522 538 1586 roi
552 1521 698 1606 publicae
720 1517 865 1607 placenti
886 1542 974 1608 quem
996 1521 1136 1594 amicam,

98 1635 190 1700 qaam
207 1615 368 1680 inimicam
383 1609 496 1680 tcteet
516 1617 566 1678 cai
581 1616 712 1680 incidiae
728 1617 763 1679 ia
780 1617 899 1681 cioitote
909 1614 1023 1700 fecisti,
1042 1613 1138 1679 occil-

98 1711 196 1784 loris,
213 1742 258 1756 -
274 1728 334 1795 quo
359 1709 439 1786 iare,
466 1729 534 1772 cem
559 1710 596 1773 de
622 1709 728 1774 resilio
751 1720 802 1776 too
823 1709 1000 1796 Dyrrachio
1020 1708 1135 1783 redisti,

98 1824 174 1866 eum
201 1798 343 1888 sequerer?
364 1837 408 1849 -
429 1823 505 1888 quoe
532 1813 679 1888 tyrannos
706 1803 901 1889 appellabas,
928 1824 1031 1870 eorum
1056 1823 1138 1867 nanc
1228 1864 1232 1874 ,

91 1896 257 1982 potentiae
270 1894 379 1982 savem
400 1898 456 1982 qui
473 1894 529 1960 etti
546 1906 615 1961 onte
633 1897 791 1981 optimates
808 1897 1002 1973 ridebantur,
1020 1897 1138 1962 eosdem

99 2011 183 2055 nunc
199 1991 349 2056 dementes
368 2011 405 2054 cc
414 1989 554 2076 furiosos
571 2011 672 2055 vocae.
722 1990 840 2056 Vatinii
856 2013 979 2056 caueam
996 1991 1078 2078 opis,
1102 1991 1139 2056 dc

99 2082 199 2149 Sestio
221 2084 303 2149 maie
325 2085 494 2160 eristimae5
515 2082 667 2148 Bibulum
683 2085 939 2169 petulantissimis
959 2085 1059 2150 oerbr'e
1077 2084 1138 2149 loe-

99 2179 162 2253 die,
188 2177 299 2244 hadas
320 2176 494 2252 Caesarem,
518 2197 606 2264 qoem
623 2178 755 2242 maeime
772 2179 874 2254 odisti,
893 2180 921 2244 ei
937 2179 1068 2243 marimo
1086 2177 1139 2242 ob·

99 2273 251 2358 requerire
268 2271 357 2338 aliod
372 2283 471 2346 stores,
490 2271 699 2337 attrectem
720 2273 812 2336 emtis
830 2275 867 2336 de
883 2292 916 2336 re
927 2271 1072 2357 publico3
1089 2269 1137 2332 tte

99 2367 180 2432 male
198 2368 292 2443 dicis,
309 2367 380 2432 illoc
402 2369 507 2442 odisti,
537 2366 682 2432 levissime
705 2365 881 2452 transsopa,
909 2367 1059 2451 coqueio
1082 2362 1139 2426 leae

100 2481 197 2548 neque
214 2462 250 2526 ire
267 2461 325 2526 itta
336 2472 429 2547 porte
437 2460 535 2547 fidem
553 2459 676 2524 leodem.

556 2749 767 2762 —nn—-u—-u

388 3029 451 3119 [M.
473 3029 642 3096 renen
665 3027 933 3114 ernestone]

133 3131 248 3200 neo.
272 3129 549 3201 snnosrrnn
571 3129 783 3200 onrsrner
807 3127 1184 3197 conrnovnesn

180 3302 232 3369 Ea
246 3287 375 3371 demoni
393 3325 512 3390 magna
529 3304 641 3390 volupt
642 3325 677 3368 es
696 3314 754 3380 eet,
771 3300 810 3369 O.
813 3299 959 3412 ‘salusti
977 3298 1174 3412 aequalem
1161 3299 1178 3354 1

110 3420 151 3465 ιιο
169 3419 280 3484 parem
293 3397 400 3466 verbis
414 3397 514 3464 vitam
527 3418 634 3484 agere,
648 3417 753 3482 neque
768 3395 940 3482 quicquam
953 3405 1019 3462 tam
1032 3374 1174 3462 obsce·1

107 3515 189 3559 num
209 3492 315 3560 dicere
333 3492 385 3558 cui
402 3512 467 3558 non
485 3491 553 3558 ab
543 3491 633 3558 mitio
651 3491 806 3577 pueritiae
827 3490 913 3557 omni
929 3511 1048 3576 genere
1065 3487 1145 3556 iaci-

107 3587 199 3654 noris
217 3596 306 3653 aetas
323 3597 380 3652 tua
396 3585 600 3673 respondeat,
617 3596 654 3651 ut
671 3585 774 3651 omnis
788 3585 889 3650 oratio
907 3583 1049 3650 moribus
1068 3606 1145 3651 oon·

109 3692 218 3748 sonet:
241 3701 347 3764 neque
365 3681 449 3746 enim
466 3679 523 3766 qui
540 3680 585 3746 ita
602 3679 695 3756 vivit,
714 3690 749 3744 ut
766 3690 817 3756 tu,
840 3678 932 3744 aliter
949 3700 987 3744 ao
1003 3690 1040 3744 tn
1057 3677 1146 3762 loqui

107 3783 230 3861 potest,-
239 3794 346 3858 neque
359 3774 415 3860 qui
428 3784 494 3839 tem
507 3773 597 3840 illoto
611 3794 757 3840 sermone
771 3773 872 3839 utitur
885 3773 951 3838 vita
964 3771 1146 3837 honestiore

110 3879 171 3935 est.
208 3889 276 3954 quo
291 3891 345 3935 me
362 3879 576 3956 praevertam,
593 3877 701 3954 patres
719 3867 899 3955 conscripti,
917 3867 1004 3932 unde
1020 3865 1146 3929 initium

8 3959 10 4010 Ι
113 3967 261 4030 sumam?
286 3962 390 4028 maius
412 3964 496 4030 enim
517 3962 597 4028 mihi
619 3962 744 4029 dicendi
763 3986 843 4028 onus
866 3959 1054 4047 imponitur,
1082 3977 1147 4040 quo

114 4059 220 4126 notior
237 4068 286 4125 est
304 4069 438 4145 uterque
455 4068 609 4136 nostrum,
627 4057 714 4142 quod
732 4069 802 4136 sut,
821 4057 847 4121 si
870 4056 909 4120 de
928 4074 1000 4117 mea
1017 4051 1084 4116 vita
1100 4060 1148 4116 at·
1342 4045 1343 4126 Ῑ

1341 4133 1343 4177 i
