2674 4558
523 277 774 336 rasennam.
927 249 934 342 j
1167 265 1210 330 29

165 395 198 497 b.
224 396 278 463 sin
297 410 385 465 esset
402 399 581 466 iudicatum
598 424 662 466 non
678 401 780 468 videri
798 401 902 466 virum
920 402 1054 480 venisse,
1073 423 1137 486 quo
1150 402 1211 468 iste

105 495 245 550 venisset

166 569 200 633 6.
226 579 266 634 ut
283 569 339 634 illo
349 569 396 657 (e)
410 571 528 636 iudicio
546 582 710 656 tamquam
725 595 747 638 e
764 572 934 658 naufragio
948 573 1053 638 nudus
1072 575 1210 639 emersit.

167 663 218 728 Π.
253 664 283 728 l.
305 669 418 724 infinita
430 675 472 725 est
483 688 621 726 -rerum
633 671 803 742 comparatio
813 703 850 713 -
861 689 894 726 ex
905 671 1030 726 faciliore
1042 671 1071 726 in
1085 671 1211 727 Clodium

104 759 133 808 et
148 751 303 813 &monem
328 772 366 814 ac
380 749 465 826 vide,
484 774 525 816 an
543 750 637 816 facile
656 751 725 816 fieri
743 763 778 817 tu
796 752 948 837 potueris,
967 774 1041 816 cum
1059 752 1085 817 is
1105 752 1209 817 factus

106 856 169 899 non
188 835 242 911 sit,
262 835 315 899 cui
332 845 369 898 tu
388 837 571 900 concessisti
674 843 787 906 Quint.
800 843 836 912 V,
850 844 891 911 10,
905 843 946 897 92.

169 921 203 984 2.
228 917 360 1004 Syriam
378 920 439 984 sibi
456 944 515 985 nos
534 933 624 987 extra
641 922 784 988 ordinem
802 923 957 1007 polliceri.

169 1005 202 1070 3.
227 1005 439 1072 oreditoribus
457 1007 522 1070 suis
546 1030 636 1092 spem
654 1019 812 1074 ostentare
829 1007 1012 1093 provinciae
1036 1007 1207 1072 videretur.

168 1092 203 1155 4.
227 1105 350 1176 augent
368 1114 522 1176 magnum
540 1094 701 1177 quendam
720 1095 883 1158 cumulum
902 1093 983 1157 aeris
1002 1092 1105 1157 alieni.

169 1175 203 1241 5.
225 1176 385 1261 ingemuit
403 1177 533 1262 gravius
552 1179 691 1242 tinridior
708 1179 840 1263 quidam
857 1177 1003 1244 creditor.

170 1261 203 1325 6.
228 1262 397 1326 confirmat
416 1285 450 1327 se
469 1263 604 1327 comitiis
623 1264 845 1328 consularibus
863 1264 986 1328 Romae
1004 1262 1159 1328 futurum.

171 1346 203 1412 7.
227 1356 319 1412 tanto
336 1347 426 1432 prius
445 1347 486 1411 ad
510 1350 667 1414 aerarium
685 1349 788 1426 venit,
805 1359 843 1414 ut
860 1348 905 1412 ibi
922 1371 963 1414 ne
982 1348 1119 1412 scribam
1138 1349 1209 1430 qui-

107 1433 180 1498 dem
200 1453 398 1516 quemquam
416 1432 602 1500 offenderet.

170 1517 237 1582 III.
272 1519 301 1582 1.
324 1523 437 1578 tertium
448 1529 496 1592 ,est
511 1541 599 1596 genus
616 1527 785 1596 (εἰρωνείας),
801 1524 832 1578 in
843 1541 897 1594 quo
912 1523 972 1579 sola
987 1523 1085 1578 melius
1097 1521 1209 1576 dicendi

107 1598 213 1670 petitur
229 1599 353 1670 occasi03
376 1600 495 1672 ideoque
511 1601 542 1654 id
558 1600 654 1656 Cicero
671 1619 726 1656 non
742 1606 824 1672 putat
840 1617 900 1656 esse
916 1601 1037 1672 positum
1052 1601 1082 1654 in
1098 1605 1208 1654 conteu-

106 1677 190 1732 tione.
227 1677 286 1730 tale
300 1682 341 1731 est
351 1677 431 1747 illud,
444 1693 498 1748 quo
509 1677 584 1733 idem
595 1677 725 1733 utiturin
738 1677 877 1733 Clodium:
900 1671 1017 1755 quibus
1048 1671 1121 1747 iste,
1153 1671 1209 1754 qui

107 1756 216 1820 omnia
234 1756 390 1822 sacrificia
406 1768 529 1835 nosset,
552 1757 647 1823 facile
665 1759 707 1823 ab
726 1780 760 1824 se
778 1759 854 1823 deos
872 1759 992 1844 placari
1008 1778 1104 1842 posse
1123 1757 1209 1821 arbi-

108 1842 263 1907 trabatur.
308 1847 419 1912 Quint.
432 1847 485 1918 IX,
498 1849 524 1918 2,
536 1849 578 1902 96.
822 1847 826 1854 '

170 1927 204 2004 2,
222 1927 255 1992 3.
279 1949 351 1992 cum
370 1950 404 1992 se
423 1929 464 1992 ad
481 1929 608 2013 plebem
626 1928 760 1993 transire
773 1928 855 1992 velle
871 1927 1000 2003 diceret,
1018 1926 1075 1992 sed
1093 1927 1207 1990 misere

109 2013 226 2078 fretum
254 2013 388 2078 transire
416 2023 560 2098 cuperet,
587 2012 670 2078 hanc
699 2014 867 2098 loquacem
891 2012 1034 2080 Siciliam
1061 2033 1126 2076 uon
1154 2011 1209 2074 de·

109 2099 223 2183 spexit.
260 2179 262 2184 Ι

170 2184 203 2246 4.
227 2195 430 2249 accesserunt
451 2185 497 2250 ita
514 2184 625 2268 pauci,
649 2195 684 2249 ut
708 2207 782 2250 eum
800 2207 865 2249 non
888 2185 930 2248 ad
953 2183 1134 2250 contionem
1152 2181 1208 2248 sed

109 2291 262 2354 sponsum
281 2270 402 2336 diceres
421 2271 605 2334 advocasse.

171 2354 203 2419 5.
228 2355 320 2420 cuius
338 2355 560 2420 satisdationes
579 2377 703 2440 semper
722 2354 871 2419 dicuntur
888 2354 1006 2420 induci.

172 2441 204 2504 6.
226 2441 378 2526 intellego
396 2462 493 2524 quam
512 2440 545 2504 in
558 2442 727 2506 absentem
747 2462 816 2504 esse
835 2439 979 2504 dicenda.

171 2533 255 2598 1111.
293 2535 321 2598 1.
344 2535 484 2620 primum
505 2534 600 2598 homo
620 2535 718 2598 durus
738 2555 776 2598 ac
797 2533 922 2616 priscus
945 2532 1090 2603 invectus
1109 2541 1158 2594 est
1175 2532 1209 2594 in

14 2661 16 2704 5
111 2641 178 2695 eos,
207 2619 263 2703 qui
290 2642 400 2685 mense
425 2620 531 2704 Aprili
554 2620 641 2704 apud
663 2618 760 2682 Baias
788 2627 895 2682 essent
921 2627 953 2681 et
979 2615 1071 2700 aquis
1099 2614 1208 2680 calidis

14 2719 15 2722 ’
111 2714 285 2771 uterentur.
312 2705 390 2788 quid
408 2727 483 2770 cum
502 2705 563 2769 hoc
581 2705 710 2768 homine
728 2702 819 2766 nobis
839 2713 905 2766 tam
923 2701 1005 2767 tristi
1023 2723 1060 2767 ac
1078 2701 1209 2766 severo?

172 2791 204 2854 2.
227 2813 292 2854 non
309 2801 444 2876 possunt
460 2790 494 2854 hi
507 2812 612 2854 mores
630 2789 714 2854 ferre
732 2788 817 2852 hunc
831 2799 897 2852 tam
911 2779 1073 2852 absterum
1092 2798 1124 2852 et
1143 2799 1208 2852 tam

109 2875 332 2942 vehementem
361 2875 566 2961 magistrum,
603 2897 661 2960 per
692 2895 789 2958 quem
820 2873 1001 2938 homiuibus
1033 2873 1208 2938 maioribus

109 2972 188 3026 natu
210 2983 251 3026 ne
274 2961 308 3025 in
331 2963 396 3026 suis
418 2961 548 3044 quidem
572 2960 710 3046 praediis
733 2961 854 3044 inpune
877 2971 959 3036 tum,
987 2981 1062 3024 eum
1085 2958 1208 3024 Romae

108 3046 189 3111 nihil
207 3047 331 3131 agitur,
354 3046 449 3112 liceat
467 3069 537 3111 esse
555 3045 793 3129 valetudinique
812 3045 941 3110 servire.
969 3065 1083 3108 verum
1101 3053 1209 3105 tamen

108 3131 281 3197 ceteris
306 3132 346 3196 sit
368 3132 548 3218 ignoscere,
572 3129 629 3217 (ei)
652 3152 727 3196 vero
746 3129 815 3215 <qui
837 3130 1006 3215 praedium
1028 3124 1159 3212 habeat)
1176 3127 1210 3190 in

109 3218 164 3281 illo
181 3217 270 3294 loce,
296 3217 508 3290 nullomodo.
553 3217 633 3300 quid
649 3215 786 3292 homini,
814 3215 933 3300 inquit,
962 3211 1113 3300 Arpinati
1136 3233 1210 3276 cum

111 3301 210 3379 Baiis,
230 3303 350 3388 agresti
367 3324 406 3368 ac
423 3303 561 3367 rustico?

175 3388 205 3452 3.
230 3409 294 3473 quo
316 3389 386 3452 loco
409 3388 454 3452 ita
481 3387 542 3452 fuit
565 3409 694 3464 caecus,
722 3396 759 3450 ut
785 3383 879 3450 facile
902 3395 1071 3470 appareret
1093 3383 1210 3448 vidisse
1299 3398 1303 3408 ’

112 3495 195 3548 eum,
215 3473 303 3556 quod
320 3472 370 3537 fas
385 3493 450 3537 non
464 3472 591 3553 fuisset:
618 3473 650 3536 4.
669 3493 728 3537 nec
742 3471 827 3536 enim
840 3467 981 3556 respexit
998 3470 1088 3535 illum
1105 3470 1211 3555 ipsum

110 3570 282 3646 patronum
305 3558 457 3623 lubidinis
481 3581 557 3624 suae
574 3581 639 3623 non
658 3558 753 3623 modo
772 3557 860 3641 apud
876 3557 975 3620 Baias
994 3579 1079 3633 esse,
1098 3577 1212 3621 verum

110 3667 166 3710 eas
183 3645 271 3730 ipsas
290 3665 390 3728 aquas
408 3644 542 3722 habere,
561 3666 643 3728 quae
667 3647 684 3720 †
701 3652 799 3730 gustu
821 3652 929 3707 tamen
946 3639 1114 3726 Arpinatis
1133 3640 1233 3704 fuis-1

112 3740 193 3795 sent.
222 3729 279 3794 sed
296 3729 404 3796 videte
421 3729 626 3794 metuendam
643 3728 764 3811 inimici
782 3737 814 3793 et
831 3727 931 3793 hostis
950 3726 1047 3792 bilem
1066 3738 1097 3791 et
1114 3725 1213 3788 licen-

113 3815 204 3881 tiam!
241 3815 269 3879 is
291 3837 343 3881 me
367 3815 447 3881 dixit
466 3815 647 3891 aedificare,
670 3814 729 3879 ubi
749 3813 829 3878 nihil
851 3814 970 3890 habeo,
993 3811 1063 3898 <ubi
1084 3805 1211 3893 habeo),

114 3901 158 3964 ibi
171 3900 283 3965 fuisse.
301 3898 490 4052 qumod?
499 3900 657 3967 enimnon
667 3897 788 3986 (mirer)
798 3899 974 3986 sapientem
983 3893 1212 3970 adversarium,

113 3985 221 4069 quiid
239 3985 371 4064 obiciat,
395 4008 459 4072 quo
505 3986 556 4054 vel
580 3987 712 4053 honeste
736 3985 878 4052 confiteri
901 3983 953 4048 vel
975 3979 1144 4044 manifesto
1162 4000 1215 4044 re·
1253 4065 1255 4070 Ι

115 4071 273 4158 darguere
290 4073 413 4158 possis?
