2674 4558
526 232 777 292 FRAGMENTA.
1179 227 1201 290 3

100 373 163 412 nem
181 353 353 426 multiplices
368 359 463 426 potus,
480 358 509 410 et
523 354 596 410 inter
616 371 662 410 eos
678 355 797 411 humiles
818 356 930 426 quidam
946 356 1051 412 obtusis
1069 357 1203 414 ebrietate

103 425 235 479 continua
251 423 391 492 sensibus,
414 437 497 492 quam
511 421 612 477 suroris
627 424 810 478 voluntariam
830 424 951 496 speciem
972 441 1033 481 esse
1050 423 1204 482 Catoniana

102 491 244 548 sententia
256 490 391 560 definivit,
403 495 550 560 raptantur
559 491 728 547 discursibus
738 493 827 564 vagis,
839 499 871 548 ut
878 509 974 548 verum
984 493 1055 549 illud
1066 494 1202 566 videatur,

102 570 176 639 quod
197 568 241 623 ait
256 566 409 624 defendens
425 567 572 624 Fonteium
588 567 708 640 Tullius,
727 562 840 630 Gallos
867 575 940 650 post
965 565 1045 632 haec
1072 566 1203 632 dilutius

102 671 172 716 esse
215 659 341 726 oturos,
354 653 428 725 quod
439 651 482 708 illi
493 669 628 709 venenum
642 671 702 710 esse
713 655 927 710 arbitrabantur.
951 656 994 712 ib.
1006 657 1049 712 22.

167 673 222 800 23.
245 741 373 812 pervenit
383 756 428 795 res
440 739 630 810 (amphibolia)
641 756 728 810 usque
740 741 777 795 ad
788 741 930 812 aenigma,
946 743 1028 814 quale
1041 747 1083 797 est
1094 740 1203 797 Cicero·

100 827 144 880 nis
164 825 196 880 in
211 825 384 880 Plaetorium
399 825 510 881 Fonteii
528 829 727 896 accusatorem,
751 820 841 886 cuius
858 833 992 889 matrem
1015 827 1098 898 dixit,
1126 823 1203 886 dum

102 906 248 981 vixisset,
267 904 395 982 ludum,
414 917 583 990 postquam
601 916 728 970 mortua
746 916 838 983 esset,
856 907 1025 1002 magistros
1042 907 1202 972 habuisse.

101 989 270 1045 dicebantm
281 992 384 1056 autern,
397 989 462 1042 dum
469 987 546 1056 vixit,
557 987 676 1042 infames
687 986 807 1043 feminae
817 1005 961 1046 convenne
973 992 1010 1045 ad
1022 1007 1084 1046 earn
1093 991 1204 1058 solitac;

99 1063 295 1130 postmortem
306 1055 381 1110 bona
394 1056 452 1111 eius
462 1056 603 1110 venibant.
629 1055 741 1121 Quint.
754 1057 805 1126 VI,
817 1059 843 1128 9,
856 1057 898 1113 51.

128 1211 181 1267 IV.
219 1209 431 1268 ORATIONIS
448 1209 501 1264 DE
518 1207 816 1352 LRQEffiRTlJRIA
831 1209 979 1266 PRIMAE
996 1211 1171 1267 HABITAE

167 1397 362 1472 διεζευγμένον
382 1397 548 1453 disiunctum
569 1398 755 1470 appellamus,
780 1416 842 1454 cum
863 1399 978 1456 dirersis
1001 1398 1204 1456 redditionibus

103 1475 252 1530 verborum
269 1475 330 1530 cola
346 1473 529 1547 disiungimus
549 1475 607 1530 sive
624 1476 679 1530 duo
699 1475 757 1531 sive
772 1478 854 1547 plura
868 1477 921 1533 hoc
935 1477 1032 1533 modo:
1056 1469 1203 1556 Capuam

103 1555 226 1620 colonis
245 1554 392 1620 deductis
405 1555 620 1640 occupabunt,
638 1556 780 1620 Atellam
798 1557 957 1642 praesidio
975 1556 1202 1632 communiant,

102 1639 295 1717 Nuceriam,
323 1637 445 1705 Cumas
474 1640 677 1706 multitudine
705 1664 835 1708 suorum
862 1643 1066 1728 optinebunt,
1097 1653 1203 1708 cetera

103 1726 226 1892 iffi&
253 1726 418 1812 praesidiis
445 1725 634 1792 devinciant.
668 1731 824 1787 Martian.
850 1732 990 1806 Capella
1011 1732 1077 1804 482,
1100 1732 1137 1788 24
1159 1733 1203 1787 cd.

394 1944 430 2001 V.
468 1943 676 2002 ORATIONIS
694 1945 737 2003 IN
753 1945 923 2004 PISONEM

168 2046 328 2119 fragmenta
339 2045 369 2101 in
381 2047 737 2104 eodemlibell01.Kleinii
751 2049 833 2120 edita,
845 2067 873 2122 p.
885 2049 928 2104 49.

172 2128 203 2193 1.
228 2147 287 2212 pro
304 2128 348 2191 dii
365 2127 563 2194 inmortales!
582 2128 636 2211 qui
659 2127 712 2192 hic
729 2129 845 2193 inluxit
862 2126 943 2194 diesi
966 2125 1044 2192 mihi
1063 2127 1201 2212 quidem,

104 2223 216 2301 patres
239 2212 425 2315 conscripti,
448 2223 648 2298 peroptatus,
670 2225 706 2278 ut
727 2214 790 2279 hoc
811 2224 993 2300 portentum
1014 2213 1110 2279 huius
1131 2214 1204 2290 loci,

104 2309 286 2365 monstrum
304 2299 404 2375 urbrs,
421 2298 603 2383 prodigium
622 2299 758 2364 civitatis
777 2300 927 2365 viderem.

171 2385 203 2449 2.
228 2383 377 2468 equidem
395 2383 475 2448 nihil
492 2383 601 2448 malui.
637 2407 695 2450 vos
713 2385 849 2450 fortasse
867 2394 1091 2469 consumptum
1109 2382 1206 2448 istum

106 2470 254 2536 cruciatu
273 2480 328 2534 aut
345 2469 526 2534 demersum
543 2469 693 2534 fluctibus
712 2471 823 2534 audire
840 2468 987 2533 malletis.

173 2556 205 2620 3.
227 2553 427 2640 perturbatio
442 2553 540 2618 istum
558 2555 673 2620 mentis
692 2565 723 2619 et
746 2555 915 2638 quaedam
928 2553 1084 2620 scelerum
1103 2551 1208 2616 offusa

105 2641 272 2778 {¹th
300 2639 447 2705 ardentes
473 2638 629 2704 furiarum
655 2639 742 2704 faces
770 2639 998 2704 excitaverunt.
1034 2641 1080 2712 (cf.
1094 2641 1206 2707 Quint.

152 2763 205 2858 ’4'.
228 2726 325 2877 qlrem
343 2793 428 2859 enirn
445 2793 505 2859 iste
527 2794 562 2859 in
579 2793 747 2879 scopulum
764 2815 828 2858 non
845 2791 975 2857 incidit?
1002 2791 1089 2876 quod
1110 2791 1144 2855 in
1161 2801 1208 2856 te·

105 2879 177 2945 lum
194 2901 261 2945 non
278 2880 395 2944 inruit?
782 2879 788 2886 ’

173 2962 206 3030 5.
229 2964 307 3048 quid
325 2975 374 3030 est
390 2987 509 3050 negare
527 2987 623 3030 ausus
642 2975 697 3028 aut
714 2965 820 3050 potius
839 2963 916 3047 quid
938 2985 1003 3028 non
1022 2961 1207 3027 confessus?

175 3049 207 3114 6.
230 3050 309 3133 quid
323 3050 408 3116 enim
426 3050 481 3115 illo
494 3049 646 3116 inertius?
663 3049 741 3132 quid
760 3047 938 3114 sordidius?
955 3047 1034 3131 quid
1051 3047 1207 3129 nequius?

108 3134 189 3220 quid
208 3136 408 3200 enervatius?
425 3133 503 3218 quid
521 3133 669 3199 stultius?
687 3134 765 3217 quid
783 3132 980 3198 abstrusius?

175 3220 207 3285 7.
230 3220 416 3297 turbulenti,
435 3220 585 3296 seditiosi,
603 3219 738 3295 factiosi,
757 3218 935 3305 perniciosi.

175 3306 206 3371 8.
230 3328 332 3370 unum
349 3306 549 3392 potissimum
569 3305 768 3390 delegissem.
795 3309 831 3364 cf.
844 3310 887 3365 ed.
900 3313 1010 3364 nostrae
1027 3328 1054 3380 p.
1068 3309 1128 3379 136,
1140 3327 1168 3363 n.
1181 3310 1206 3364 8.
1328 3379 1329 3382 Ἴ

174 3391 207 3456 9.
230 3400 263 3456 te
282 3402 338 3456 tua
359 3391 414 3456 illa
430 3392 538 3456 nescio
556 3391 673 3473 quibus
692 3414 711 3453 a
729 3390 819 3457 terris
839 3398 1010 3476 apportata
1032 3399 1135 3453 mater
1151 3411 1208 3474 pe·
1328 3443 1329 3452 ,

110 3477 228 3544 eudem
247 3500 288 3542 ex
307 3478 388 3554 alvu,
407 3499 472 3541 non
489 3476 650 3540 hominem
668 3475 827 3541 effuderit.
1328 3477 1329 3514 ³

176 3562 229 3626 10.
253 3562 402 3626 simulata
418 3563 480 3626 ista
496 3561 571 3626 ficta
588 3561 698 3625 fucata
715 3572 790 3626 sunt
808 3561 923 3625 omnia.

178 3648 230 3712 11.
252 3647 364 3734 putavi
391 3658 553 3712 austerum
583 3647 759 3724 hominem,
789 3645 901 3732 putavi
927 3644 1064 3720 tristem,
1097 3642 1209 3742 putavi

111 3755 256 3820 gravem,
274 3732 332 3800 sed
349 3732 443 3798 video
462 3732 655 3810 adulterum,
673 3733 766 3797 video
785 3753 976 3817 ganeonem,
995 3731 1088 3795 video
1098 3751 1209 3876 pane-

111 3829 181 3884 tum
199 3818 370 3904 praesidio,
388 3816 481 3883 video
501 3818 675 3883 amicorum
695 3817 851 3895 sordibus,
869 3817 963 3882 video
981 3813 1079 3902 <vitae
1120 3834 1208 3878 ome·

112 3903 226 3990 eticae)
242 3904 382 3969 tenebris
400 3903 611 3969 occultantem
628 3902 776 3968 libidines
795 3927 879 3968 suas.
1326 3903 1327 3932 ³

174 3993 334 4117 frappenta
351 3992 475 4049 eiusdem
491 3993 749 4050 orationisaliunde
766 3994 855 4064 petita
869 3994 999 4064 leguntur
1014 3990 1044 4045 in
1060 3989 1102 4044 ed.
1116 3993 1210 4044 nostra

113 4061 218 4132 v,p.1

919 4131 952 4182 1·
977 4142 995 4178 ο
