2674 4558
163 263 205 330 12
508 273 547 327 M.
567 273 703 330 runnu
721 271 922 329 CICERONIS

264 399 311 451 boc
322 397 424 464 factum
436 405 473 448 est
490 395 603 448 seeundo
621 397 757 448 consulatu
769 395 909 464 Scipionis,
923 403 985 466 post
1001 395 1136 464 septimum
1154 413 1296 463 annum,

213 483 292 538 quam
311 465 565 534 Cartbopiniensibus
587 464 651 516 bello
674 465 786 516 secundo
804 465 865 516 data
886 473 923 516 est
942 480 1004 532 pac.
1040 463 1140 530 factum
1159 465 1189 517 id
1208 482 1297 516 esse

216 545 302 589 autem
314 536 410 588 Antias
426 534 532 586 tradidit
548 533 616 583 ludis
631 532 766 598 Romanis,
784 549 848 600 quos
864 530 982 598 fecerunt
998 533 1094 585 aediles
1109 534 1216 586 curules
1244 534 1292 586 0.

213 605 309 658 Atilius
326 605 471 669 Serranus,
488 601 521 654 L.
534 600 688 653 Scribonius
698 600 776 667 Libo,
794 610 818 653 et
834 600 861 653 id
872 617 916 654 ecs
932 599 1024 667 secr‘sse
1040 601 1112 655 iussu
1124 617 1294 654 censorum

214 676 275 726 Sea.
288 673 359 725 Aelii
374 671 462 736 Paeti,
486 669 514 722 0.
535 669 650 722 Cornelii
662 669 776 736 Cetbepi,¹
796 677 820 720 et
836 669 935 722 videtur
951 671 979 720 in
994 669 1043 722 bac
1060 670 1179 722 oratione
1194 671 1292 722 bunc

214 743 314 811 quidem
327 749 459 792 auctorem
470 745 571 790 secutus
585 738 675 791 Cicero
688 737 782 790 dixisse
791 753 899 805 passum
911 755 966 790 esse
974 739 1122 806 Scipionem
1133 739 1248 790 secerni
1263 755 1292 790 a
1319 797 1320 802 Ἰ

215 819 297 862 cetero
311 823 432 861 consessu
449 807 598 875 spectacula
615 815 772 859 senatorum.
808 805 836 857 in
848 823 880 858 ea
892 815 984 873 autem,
1001 823 1080 875 quam
1089 815 1150 874 post
1162 808 1292 876 aliquot
1319 809 1320 820 ³

214 879 292 930 annis
307 877 407 943 babuit,
424 877 455 928 de
471 874 620 942 aruspicum
632 890 770 942 responso,
787 891 840 926 non
851 889 961 942 passum
977 891 1032 926 esse
1043 875 1206 944 Scipionem
1219 876 1292 928 sed

213 947 298 1014 ipsum
311 955 443 997 auctorem
459 941 541 1010 fnisse
557 943 638 996 donat
647 960 704 995 eum
721 944 806 996 locum
817 943 978 1008 seruatoribus
989 943 1088 996 videtur
1103 943 1286 1012 sipnificare.

213 1014 293 1066 uerbo
304 1015 358 1065 dus
374 1014 436 1065 baec
453 1021 526 1064 sunt.-
545 1014 618 1064 ‘nam
630 1013 692 1081 quid
708 1028 754 1079 epo
766 1012 797 1062 de
808 1011 861 1064 illis
878 1011 945 1063 ludis
962 1013 1069 1081 loquar,
1086 1028 1151 1080 quos
1167 1011 1195 1063 in
1207 1013 1284 1064 Pa-

214 1083 278 1134 latio
299 1083 385 1134 nostri
404 1083 516 1132 maiores
536 1089 596 1132 unte
617 1081 738 1149 templum
754 1079 854 1132 Matris
870 1079 995 1148 Μαρτιαεχ
1006 1079 1068 1150 fieri
1087 1080 1288 1150 celebrarique
1319 1125 1320 1130 ,

213 1151 367 1202 voluerunt?
383 1150 475 1218 quibus
487 1148 604 1216 primum
621 1149 688 1200 ludis
705 1157 765 1200 ante
777 1147 873 1216 populi
887 1164 1035 1200 consessum
1055 1149 1157 1200 senatui
1175 1150 1283 1200 locam

213 1219 246 1272 P.
259 1217 404 1284 Africanus
424 1219 460 1270 II
477 1216 532 1269 cos’
549 1216 590 1254 Η
602 1226 627 1269 et
648 1218 747 1284 collepu
763 1217 817 1268 eius
833 1216 987 1284 Sanpronio
1003 1217 1096 1286 Lonpo
1116 1218 1163 1269 boc
1179 1216 1280 1269 tribu·
1319 1241 1320 1244 ¹

215 1295 267 1338 tum
285 1303 339 1339 esse
361 1287 463 1338 senatui
478 1285 578 1351 scribit,
595 1287 640 1337 sed
655 1286 710 1338 sine
726 1285 854 1338 mentione
873 1285 1045 1354 Mepalesium
1066 1285 1173 1355 (aediles
1193 1287 1279 1338 enim
1319 1287 1320 1292 ’

214 1357 348 1414 eosludos
364 1353 453 1420 fucere
469 1355 541 1406 soliti
559 1352 646 1424 eram)
664 1355 752 1406 uotiuis
773 1355 840 1406 ludis
856 1352 957 1420 factum
976 1355 1069 1420 tradit,
1091 1371 1156 1424 quos
1171 1355 1282 1422 Scipio
1319 1375 1320 1382 ¹

214 1432 238 1476 et
253 1425 361 1492 Lonpus
378 1424 496 1475 consules
513 1421 629 1486 fecerint.
664 1439 718 1494 non
731 1423 875 1490 praeterire
887 1430 970 1475 autem
983 1439 1027 1475 uos
1044 1423 1116 1489 volo,
1133 1439 1188 1475 esse
1200 1439 1276 1476 ora-

214 1493 297 1545 toriae
318 1491 468 1544 calliditatis
491 1491 569 1556 [ius],
590 1499 630 1556 ut,
653 1508 710 1542 cnm
732 1506 796 1558 opus
820 1499 866 1557 est,
883 1491 975 1544 eisdam
995 1491 1071 1544 rebus
1095 1491 1128 1544 ab
1150 1499 1279 1560 utroque

209 1569 289 1628 parte
308 1562 349 1613 uel
370 1577 387 1612 a
408 1559 548 1611 eontrarir's
568 1567 684 1612 utantur.
729 1575 792 1610 nam
813 1575 871 1610 cum
891 1560 1030 1624 secundum
1053 1559 1185 1613 Ciceronis
1206 1561 1275 1628 opi·
1319 1625 1320 1628 Ἴ

212 1630 316 1680 aionem
336 1637 443 1680 auctore
458 1627 582 1695 Scipione
603 1628 709 1679 consule
729 1627 825 1678 aediles
845 1636 969 1680 secretum
992 1637 1052 1680 ante
1068 1645 1155 1681 omnes
1175 1630 1274 1681 locum
1319 1643 1320 1684 ξ

212 1697 348 1765 spectandi
357 1695 520 1748 senatoribus
533 1697 659 1760 dederint,
677 1695 764 1748 eodem
776 1695 821 1747 illo
834 1694 905 1761 facto
917 1696 1047 1764 Scipionis
1059 1698 1086 1749 in
1097 1697 1147 1750 bae
1158 1697 1274 1766 quidem
1319 1735 1320 1738 κ

213 1767 340 1831 oratione,
371 1765 417 1817 uia
430 1781 511 1816 conso
522 1764 659 1832 popularis
671 1772 741 1830 erat,
752 1764 968 1834 premebaturque
979 1774 1084 1818 serratus
1096 1766 1272 1831 auctoritate,

213 1842 290 1903 atque
302 1835 333 1886 ob
351 1835 356 1846 ”
387 1833 536 1900 dipuitatem
552 1831 607 1884 eius
618 1832 718 1884 ordinis
734 1849 813 1900 quam
826 1834 909 1900 possit
926 1833 1036 1886 manime
1053 1834 1151 1888 elevari
1164 1850 1273 1887 causae
1319 1835 1320 1900 ζ

213 1902 372 1970 expediebat,
385 1902 543 1969 poenituisse
555 1902 592 1954 ait
603 1899 760 1968 Scipionem,
773 1903 843 1970 quod
852 1919 947 1970 passus
959 1911 1024 1955 esset
1034 1904 1062 1954 id
1070 1904 1145 1974 fieri,·
1160 1903 1187 1954 in
1201 1905 1268 1969 [ea]
1319 1957 1320 1962 ,

212 1973 329 2024 oratione
341 1972 372 2023 de
384 1970 535 2038 aruspicum
546 1985 680 2038 responso,
693 1969 756 2038 quio
767 1971 795 2022 in
807 1978 899 2022 senatu
910 1971 1059 2038 labebatur,
1068 1973 1142 2023 cuius
1153 1971 1272 2024 auribus
1319 1973 1320 2000 ³

211 2049 269 2093 erat
286 2039 479 2105 blandiendum,
501 2047 526 2090 et
541 2055 698 2106 mapnopere
718 2037 792 2091 illum
807 2039 911 2104 laudat,
928 2049 952 2092 et
966 2057 1019 2091 non
1032 2049 1163 2093 auctorem
1178 2039 1271 2106 fuisse
1319 2067 1320 2102 3

211 2108 294 2160 dandi
304 2107 377 2178 (nam
389 2109 416 2159 id
427 2115 485 2160 erut
497 2105 596 2177 leuius),
609 2107 654 2159 sed
665 2107 749 2174 ipsum
761 2107 838 2160 etiam
852 2108 950 2160 dedisse
962 2107 1031 2161 dicit.
1319 2105 1320 2144 ἓ

226 2195 276 2259 13.
300 2207 348 2260 est
365 2195 476 2278 utique
495 2195 545 2260 ius
563 2195 702 2273 vetandi,
721 2216 795 2260 cum
813 2219 852 2260 ea
870 2195 1000 2272 feratur,
1019 2217 1116 2279 quem
1134 2195 1189 2260 diu
1209 2244 1266 2261 ...

159 2280 286 2346 ferundi
302 2281 546 2356 transferuntur,
564 2280 660 2346 idest
677 2327 724 2347 ...
743 2280 807 2358 lex,
820 2283 898 2347 dum
910 2282 1025 2366 privati
1039 2282 1163 2358 dicunt3
1181 2282 1265 2346 dum
1319 2307 1320 2374 ζ

226 2368 303 2431 dum
322 2367 423 2432 sitella
441 2367 597 2443 desertum
616 2368 693 2432 dum
710 2379 889 2450 aequantur
907 2379 1007 2433 sortes
1013 2392 1022 2445 ;
1042 2367 1118 2432 dum
1136 2367 1265 2432 sortitio
1319 2380 1320 2442 t

159 2454 205 2532 fit,
223 2454 299 2518 etsi
317 2474 381 2536 qua
399 2465 473 2518 sunt
491 2453 553 2517 alia
571 2452 665 2518 huius
683 2454 820 2538 generis.
1319 2445 1320 2536 i

263 2557 334 2608 circa
350 2557 473 2622 medium,
491 2573 542 2626 quc
559 2556 616 2608 loco
632 2565 764 2622 numerat,
781 2572 839 2608 cum
851 2556 893 2608 lea
903 2553 1016 2621 feratur,
1033 2563 1095 2622 quot
1107 2556 1166 2606 loca
1178 2553 1263 2606 inter-

212 2624 334 2676 cessionis
349 2632 408 2677 sunt
420 2627 439 2693 †
451 2625 536 2677 iubeat
553 2625 645 2678 dicere.
681 2625 736 2678 alia
748 2625 863 2692 populus
880 2623 1017 2688 confusus,
1033 2631 1062 2673 ut
1077 2637 1178 2688 semper
1193 2624 1263 2690 alia,
1319 2689 1320 2694 Ἰ

210 2693 284 2744 itaet
299 2693 327 2742 in
339 2693 458 2744 contione
469 2695 488 2760 †
500 2693 527 2744 id
539 2693 667 2760 peractos,
686 2710 743 2745 cum
755 2693 782 2744 id
793 2693 877 2744 solum
889 2698 1016 2757 superest,
1033 2697 1061 2740 ut
1072 2689 1188 2756 populus
1199 2706 1260 2742 sen-

210 2759 316 2810 tentiam
326 2758 406 2824 ferat.
441 2761 509 2812 iubet
521 2763 587 2812 enim
598 2763 633 2828 is,
652 2762 698 2830 qui
707 2761 759 2827 fert
771 2762 858 2826 lepem,
876 2758 1054 2821 discedere,·
1069 2757 1139 2826 quod
1153 2757 1260 2814 verbum

210 2843 264 2878 non
275 2827 323 2878 boc
335 2828 477 2896 sipnificat,
495 2829 564 2906 quod
574 2830 602 2880 in
615 2828 746 2880 communi
760 2826 943 2905 consuetudine
959 2833 1028 2906 erat,
1045 2826 1076 2878 de
1088 2841 1117 2878 eo
1129 2827 1195 2892 loco,
1213 2829 1261 2880 nbi
1319 2873 1320 2880 ,

210 2897 253 2948 tec
265 2894 362 2963 fertur,
379 2896 425 2946 sed
436 2894 486 2964 (ut)
499 2911 527 2946 us
543 2906 618 2948 suam
637 2897 744 2966 quisque
760 2895 854 2957 tribum
867 2894 994 2959 discedat,
1005 2911 1033 2944 m
1045 2907 1098 2963 qun
1110 2903 1146 2946 est
1158 2893 1259 2964 suffra·
1319 2917 1320 2922 ¹

121 2969 124 2972 '
208 2965 398 3032 piumlaturus.
1319 3017 1320 3040 ,

224 3051 275 3116 14.
298 3073 398 3116 unum
417 3061 540 3126 tamen,
563 3050 650 3134 quod
668 3051 729 3115 hoc
750 3051 821 3136 ipso
845 3049 973 3114 tribuno
995 3049 1038 3134 pl.
1057 3049 1256 3126 factumest,
1319 3043 1320 3086 ³

158 3136 474 3223 praetermittendum
492 3158 556 3200 non
575 3136 714 3200 videtur:
733 3156 838 3218 neque
857 3135 942 3199 euim
960 3135 1063 3200 maius
1082 3148 1130 3200 est
1147 3138 1255 3222 legere
1319 3161 1320 3222 3

159 3222 317 3299 codicem,
345 3245 418 3288 cum
435 3221 665 3298 intercedatnr,
692 3241 787 3302 quem
812 3220 948 3285 sitellam
971 3221 1073 3306 ipsam
1093 3223 1253 3308 cumipse
1319 3237 1320 3262 ³

157 3307 364 3374 intercessore
391 3308 530 3383 deferre,
557 3329 616 3371 nec
639 3307 769 3391 gravius
791 3306 930 3392 incipere
954 3307 1036 3372 ferre
1060 3328 1156 3390 quam
1183 3330 1255 3392 per·
1319 3361 1320 3366 ,

157 3392 256 3469 ferre,
278 3415 338 3458 nec
360 3393 579 3458 vehementius
602 3391 769 3456 ostendere
792 3415 826 3456 se
848 3393 987 3458 laturum
1008 3393 1109 3458 invito
1131 3394 1255 3478 collega
1319 3389 1320 3446 ἶ

158 3500 256 3562 quam
276 3478 339 3563 ipsi
363 3479 504 3564 collegae
526 3478 748 3563 magistratum
777 3478 947 3564 abrogare,
972 3500 1033 3544 nec
1055 3479 1253 3543 criminosius

157 3563 259 3628 tribus
278 3563 320 3628 ad
340 3563 447 3650 legem
465 3563 684 3648 accipiendam
706 3564 863 3648 quemad
882 3564 1037 3651 collegam
1054 3564 1252 3630 reddendum

156 3649 316 3734 privatum
338 3649 421 3714 intro
444 3671 573 3714 vocare:
597 3665 681 3732 quae
703 3649 753 3714 vir
774 3649 866 3714 fortis
889 3649 984 3714 huius
1006 3650 1130 3735 collega
1147 3651 1250 3714 Aulus

158 3733 318 3800 Gabinius
346 3735 380 3800 in
406 3759 440 3801 re
468 3735 589 3820 optima
614 3734 691 3801 fecit
721 3736 841 3812 omnia3
872 3757 990 3819 neque,
1017 3757 1091 3800 cum
1118 3737 1250 3801 salutern
1319 3773 1320 3849 ,

179 3821 275 3907 opulo
301 3821 449 3886 Romano
476 3832 571 3904 atque
598 3820 746 3885 omnibns
777 3821 927 3921 gentibus
949 3821 1056 3885 finem
1083 3821 1249 3910 diuturnae

156 3843 369 3992 {cupiditatid
384 3905 589 3991 turpitudinis
604 3917 635 3971 et
650 3907 810 3971 servitutes
828 3906 966 3983 efferret,
984 3929 1097 3990 passus
1112 3917 1160 3970 est
1178 3907 1246 3992 plus

155 3991 251 4056 unius
269 3992 411 4077 collegae
430 3991 479 4057 sui
502 4012 599 4076 quam
622 3991 789 4060 universae
808 3990 945 4058 civitatis
964 4013 1076 4057 vocem
1094 3993 1200 4058 valere
1218 4004 1246 4057 et

155 4077 363 4144 voluntatem.
