2674 4558
513 281 765 339 FRAGMENTA.
1143 272 1183 335 57

84 403 199 458 mutavit
210 418 313 473 preces
326 419 403 458 meas
416 406 444 458 et
454 406 519 458 rota
530 419 564 458 sc
575 402 713 459 desideria
724 419 787 460 mea
798 402 866 458 fecit
878 403 941 459 alia.
974 404 1187 478 Augustinus

86 471 300 526 Confessionum
312 472 358 524 HI
380 473 398 525 4
418 472 443 524 l.

146 538 191 594 os.
205 539 295 596 esem
308 512 414 612 ueiogi
425 539 525 612 sagn.
537 539 583 596 te.

703 691 740 702 ..-

469 805 599 848 DIALOGI
615 805 811 850 monum.

150 903 182 968 1.
206 925 348 980 occupare
360 914 403 962 cst
413 908 550 978 invenire,
562 914 658 964 tenere
668 911 713 964 vel
724 910 873 982 possidere.
903 911 941 967 M.
955 910 1064 966 Tullius
1074 910 1105 966 in
1115 909 1188 965 Hor·

86 994 188 1050 tensio:
201 1001 236 1054 et
254 988 388 1074 paulum
405 988 531 1054 macelli
549 990 764 1074 occupavisse.
800 995 927 1052 Nonius
938 1015 966 1069 p.
979 996 1082 1067 355sq.

186 1081 421 1204 Pafflgzmaoem
431 1079 515 1136 Nonii
527 1081 620 1136 codd:
633 1084 746 1136 Paulum
758 1084 884 1137 Marcelli
894 1083 967 1153 edd,
975 1085 1097 1154 paullum
1109 1082 1191 1152 apelli

149 1237 182 1300 2.
206 1243 345 1310 adnuere,
367 1243 526 1297 concedere.
567 1241 604 1296 M.
628 1241 736 1313 Tullius
760 1244 790 1297 in
810 1243 971 1300 Hortensio:
1001 1239 1086 1322 quod
1113 1259 1187 1304 cum

86 1335 225 1405 uterque
248 1334 394 1386 nostrum
416 1322 602 1386 adnuissent
626 1343 800 1406 omnesque
819 1323 911 1387 adid
931 1333 1073 1409 tempus,
1101 1323 1187 1406 quod

87 1419 155 1474 erat
174 1407 313 1482 dictum,
331 1419 458 1492 postero
476 1408 527 1472 die
545 1407 752 1473 venissemus.
796 1414 888 1468 Idem
898 1432 927 1486 p.
939 1414 1000 1483 438,
1012 1415 1038 1468 9.

151 1493 183 1557 3.
207 1498 389 1552 Hortensium
403 1498 513 1552 videtur
524 1497 696 1570 significare,
709 1498 757 1569 qui
767 1498 849 1553 huius
861 1499 936 1554 modi
948 1499 1034 1570 signis
1047 1502 1076 1555 et
1085 1495 1189 1553 tabulis

87 1576 171 1646 pictis
188 1574 366 1630 familiariter
382 1574 578 1630 delectabatur.
617 1574 647 1630 id
667 1575 840 1631 manifestius
856 1577 885 1631 in
901 1575 1050 1632 Hortensio
1067 1576 1189 1632 ostendit

88 1653 218 1724 dialogo:
232 1668 307 1710 cum
328 1647 362 1710 in
380 1645 487 1711 villam
504 1645 635 1713 Luculli
653 1659 783 1712 ventum
802 1660 898 1724 esset,
923 1648 1010 1715 omni
1032 1648 1189 1733 adparatu

88 1731 269 1797 venustatis
288 1741 442 1797 ornatam.
473 1734 667 1792 Scholiasta
684 1737 918 1794 Gronovianus
938 1741 974 1794 ad
990 1740 1069 1796 Verr.
1086 1738 1187 1796 Aecus.

87 1815 168 1885 1,54.
181 1832 211 1886 p.
224 1814 287 1882 404,
299 1813 334 1868 22
346 1814 388 1868 ed.
401 1819 520 1870 nostrae.

194 1891 224 1944 in
239 1893 330 1945 uillam
346 1892 453 1945 Luculli
466 1901 567 1946 ventum
581 1922 608 1933 ··
621 1903 741 1946 maulam
753 1891 879 1965 Madvig:
896 1894 923 1946 iu
940 1895 1003 1948 uilla
1015 1896 1122 1948 Druculli
1137 1895 1188 1948 bel-

232 1961 287 2013 lum
300 1990 326 2001 --
340 1969 461 2014 ornatum
473 1960 533 2014 cod.

154 2047 187 2111 4.
212 2057 323 2126 gratum
338 2053 390 2108 tibi
402 2058 452 2108 est.
488 2051 585 2109 Cicero
595 2054 626 2109 in
637 2053 796 2111 Hortensio:
820 2049 958 2115 Lucullo
980 2050 1109 2133 quidem
1132 2069 1190 2113 no·

93 2145 156 2199 ster
175 2133 334 2198 adventus
352 2144 384 2198 et
459 2146 511 2199 tue
529 2144 561 2199 et
577 2133 735 2200 iucundus
752 2133 861 2200 fuisse.
905 2141 1091 2196 Arusianus
1103 2139 1189 2195 Mes-

93 2216 164 2270 sius
176 2233 205 2287 p.
219 2215 271 2271 232
283 2216 326 2270 ed.
339 2214 394 2269 Lin
416 2256 422 2270 .

158 2288 189 2351 5.
214 2291 425 2347 delectatetur
440 2309 479 2348 re.
515 2289 824 2349 occansonem:
837 2288 889 2354 hie
906 2290 1043 2374 primum
1053 2286 1190 2355 Catulus

91 2373 272 2439 delectatus
289 2372 358 2457 ipso
375 2373 456 2437 loco.
499 2378 592 2434 Idem
602 2395 630 2449 p.
643 2379 696 2432 224
717 2379 760 2433 ed.
775 2379 856 2432 Lind.

158 2457 189 2522 6.
212 2463 349 2532 inanima,
370 2464 429 2518 sine
450 2463 549 2518 anima.
589 2463 628 2517 M.
646 2463 757 2518 'Pullius
777 2464 806 2518 in
822 2463 984 2518 Hortensio:
1018 2481 1093 2522 nam
1116 2479 1189 2522 cum

1 2583 2 2588 κ
93 2543 197 2608 omnis
223 2543 361 2608 sollertia
378 2542 566 2607 admiranda
584 2553 647 2618 est,
670 2554 739 2608 tum
757 2565 809 2618 ea,
834 2564 916 2625 quae
934 2542 1032 2606 efficit
1049 2553 1098 2618 ut,
1121 2542 1190 2604 ina-

92 2628 182 2694 nima
200 2649 284 2711 quae
302 2629 375 2705 sint,
393 2628 501 2694 vivere
519 2639 551 2694 et
569 2627 689 2712 spirare
707 2627 884 2692 videantur.
906 2631 1032 2690 Nouius
1043 2650 1071 2704 p.
1086 2631 1136 2687 127
1149 2649 1189 2703 sq.

161 2715 191 2778 7.
215 2717 333 2789 ecferre,
351 2718 446 2788 edere,
463 2719 624 2790 provehere.
660 2717 699 2772 M.
712 2718 821 2774 Tullius
837 2717 1039 2774 inHortensio:
1065 2724 1192 2800 praeter

94 2811 218 2865 ceteras
236 2810 344 2864 nostra
361 2798 475 2864 extulit
492 2799 613 2864 civitas.
644 2803 737 2860 idem
748 2822 776 2874 p.
789 2804 840 2859 297
852 2821 892 2875 sq.

161 2885 192 2950 8.
215 2891 320 2946 lentum
332 2889 470 2962 significat
479 2891 597 2946 tardum.
621 2891 660 2945 M.
667 2890 774 2946 Tullius
783 2891 812 2946 in
820 2890 980 2946 Hortensio:
994 2883 1079 2950 hunc
1093 2881 1192 2950 Cras-

95 2995 183 3047 sum,
212 2971 268 3054 qui
289 2970 420 3048 lentius,
447 2980 483 3034 ut
501 2970 601 3046 scitis,
628 2972 733 3036 dicere
756 2971 892 3048 solebat,
919 2970 960 3034 ad
982 2970 1191 3034 imilationem

94 3055 189 3142 quasi
205 3056 306 3120 nostri
322 3056 448 3142 generis
467 3056 676 3121 contendisse.
712 3061 804 3116 Idem
815 3080 843 3132 p.
857 3062 907 3116 337
921 3078 961 3131 sq.

123 3145 128 3150 ’
161 3142 192 3206 9.
214 3147 329 3204 inbuere
342 3147 510 3202 cousuetudo
521 3147 652 3202 inducere
663 3147 707 3204 vel
722 3145 834 3202 inficere
847 3146 996 3213 existimat,
1009 3161 1072 3198 cum
1083 3143 1119 3197 sit
1129 3160 1191 3213 pro-

95 3234 158 3304 prie
168 3233 309 3287 massulam
320 3233 365 3288 vel
375 3231 497 3288 inficere.
532 3233 571 3286 M.
585 3233 694 3288 Tullius
705 3234 735 3287 in
746 3232 907 3290 Hortensio:
928 3236 964 3290 ut
980 3225 1018 3300 ii,
1039 3225 1095 3306 qui
1117 3245 1194 3288 con·

96 3312 166 3377 bibi
185 3335 361 3398 purpuram
379 3313 504 3390 volunt,
526 3311 689 3378 sufficiunt
712 3313 799 3398 prius
821 3313 928 3381 lanam
951 3309 1191 3376 medicamentis

96 3398 301 3483 quibusdam,
320 3398 365 3464 sic
379 3397 492 3464 litteris
506 3398 686 3482 talibusque
700 3397 850 3464 doctrinis
864 3409 937 3462 ante
952 3394 1053 3462 excoli
1067 3395 1192 3462 animos

97 3495 129 3548 et
155 3484 198 3547 ad
225 3507 262 3548 ss
284 3483 413 3549 ientiam
440 3482 530 3548 conci
552 3482 678 3550 iendam
705 3483 796 3548 inbui
822 3495 854 3547 et
902 3479 1062 3566 raeparari
1089 3480 1191 3546 decet.

97 3565 189 3620 Idem
202 3584 229 3636 p.
243 3506 302 3620 sil.
315 3583 341 3619 r.
354 3563 481 3621 sufficere
493 3584 520 3637 p.
587 3607 592 3620 .
606 3565 642 3620 cf.
654 3565 780 3621 Platonis
792 3505 937 3620 Politiv.
950 3583 978 3634 p.
990 3563 1051 3618 429.
1063 3563 1100 3617 D.
1112 3563 1145 3618 E.

162 3637 214 3701 10.
239 3647 371 3714 segetem,
382 3647 492 3696 terram.
529 3641 567 3695 M.
580 3642 689 3698 Tullius
700 3641 730 3697 iu
742 3641 903 3697 Hortensio:
920 3647 955 3699 ut
970 3635 1055 3700 enim
1067 3645 1194 3720 segetes

98 3722 259 3808 agricolae
276 3721 429 3818 subigunt
446 3722 556 3787 aratris
574 3722 674 3786 multo
690 3731 773 3798 ante,
791 3742 887 3857 (puram
905 3731 1020 3786 serant.
1065 3723 1195 3780 Nonius

98 3805 193 3926 51:395,
199 3805 242 3860 14.
254 3821 280 3857 v.
295 3803 423 3926 miffim
435 3805 559 3875 plote.
574 3803 680 3859 Schol.
693 3803 766 3859 Flor.
780 3820 797 3859 a
828 3803 906 3875 Virg.
921 3803 1022 3873 Georg.
1036 3801 1059 3869 I,
1072 3801 1096 3854 1.
1110 3798 1192 3866 (Mus.

143 3871 503 4009 epllltgpilpfflpmuum
511 3965 598 4020 usque
610 3949 646 4004 ad
657 3954 782 4021 tempora
791 3949 948 4004 constrictus
957 3948 1096 4015 expertem
1107 3939 1194 3994 fuisse

98 4025 235 4080 bellorum
256 4029 322 4096 post
331 4025 361 4079 in
372 4027 515 4080 consulatu
525 4025 647 4080 historiis
659 4026 810 4094 studuisse,
820 4029 853 4078 ut
863 4023 939 4078 bella
950 4018 1083 4074 destituta
1094 4033 1193 4089 cogno·

97 4101 198 4152 sceret
234 4066 288 4152 irco
298 4092 329 4152 iu
339 4093 388 4150 illo
399 4094 519 4166 dialogo,
532 4094 580 4165 qui
590 4094 749 4151 inscribitur
758 4093 901 4161 Lucullus,
914 4088 1009 4144 Cicero
1021 4085 1110 4158 docet,
1122 4087 1198 4142 unde
