2714 4554
526 269 776 332 FRAGMENTA.

184 391 308 458 doctior
326 393 507 480 adpatrias
523 395 634 545 lapsus
651 397 833 482 pervenerit
850 418 932 462 oras.

183 499 243 544 nos
261 500 363 564 grave
382 489 544 545 certamen
587 480 640 546 elli
657 480 844 566 clademque
862 493 1018 560 tenemus,

184 561 329 629 Graecia
346 585 445 648 quam
462 565 578 631 Troiae
596 565 704 630 divino
722 567 854 632 numine
871 567 967 643 vexit,

184 649 359 732 omniaque
377 671 396 714 e
413 648 486 713 latis
503 671 610 716 rerum
629 650 764 736 vestigia
781 652 882 717 terris.

102 738 219 796 Cicero
231 739 268 794 de
280 735 362 793 finin—
372 739 409 808 V,
420 739 464 794 49.
488 738 580 794 Hom.
594 739 695 812 Odyss.
706 741 775 812 XII,
787 742 932 798 rut-191.

162 811 196 875 2.
216 815 263 870 illi
278 829 390 886 quoque
405 831 500 870 versus
511 815 653 874 Homerici
669 817 736 874 huto
746 817 901 875 sententiae
916 817 1116 891 suffragantur,
1131 835 1200 890 qnos

102 891 198 948 Cicero
209 892 240 948 in
251 891 385 946 Latinum
395 892 492 947 vertit:

186 965 270 1030 tales
288 974 364 1029 sunt
379 963 545 1028 hominum
563 975 696 1042 mentes,
715 964 803 1049 quali
819 977 910 1051 pater
927 965 997 1052 ipse

3 1095 4 1098 κ
185 1048 336 1136 Iuppiter
353 1047 524 1114 auctiferas
541 1049 690 1114 lustravit
706 1051 825 1116 lumine
843 1061 953 1116 terras.

101 1141 318 1214 Augustinus
329 1139 367 1194 de
377 1138 452 1194 civit.
465 1138 512 1194 dei
522 1138 559 1210 V,
571 1139 597 1194 8.
620 1139 711 1197 Hom.
724 1140 825 1211 Odyss.
837 1139 947 1210 XVIII,
959 1140 1011 1195 136
1022 1153 1065 1210 sq.
1089 1137 1133 1196 uf.
1144 1140 1198 1197 vol.

3 1249 4 1254 ,
101 1211 164 1268 vn.
178 1228 209 1280 p.
221 1207 362 1264 asans.

160 1361 204 1418 11.
239 1357 388 1442 VERSUS
406 1359 622 1418 POETARUM
638 1357 883 1416 SOENICORUM
901 1357 1139 1416 GRAEOORUM

346 1446 376 1500 A
393 1441 581 1503 CICERONI}
598 1445 746 1501 LATINI]
763 1441 958 1500 EXPRESSI.

502 1573 531 1616 a.
574 1573 616 1616 nx
631 1572 802 1616 massano.

166 1638 198 1702 1.
220 1641 406 1698 Prometheus
416 1641 464 1697 ille
476 1642 619 1714 Aeschyli,
632 1640 678 1697 cui
690 1659 752 1698 oum
764 1643 869 1697 metum
881 1645 955 1696 esset

188 1723 280 1806 atqui
296 1721 503 1797 Prometheu,
521 1732 553 1786 te
571 1721 632 1786 hoc
649 1732 756 1788 tenere
775 1721 932 1798 existimo,

187 1807 312 1945 nppderi
328 1827 423 1892 posse
439 1807 594 1872 rationem
611 1807 803 1884 iracundiae,

183 1908 205 1944 n
227 1888 251 1944 't

99 1906 216 2025 mosi
234 1959 367 2044 quidem
385 1960 440 2044 qui
458 1959 681 2045 tempestivam
698 1959 888 2026 medicinam
906 1958 1079 2024 admovens

188 2067 257 2110 non
273 2045 507 2131 adgravescens
525 2044 639 2110 volnus
656 2045 768 2110 inlidat
785 2067 893 2110 mauu.

103 2137 225 2195 (licere
237 2135 323 2190 Tusa.
337 2135 408 2206 disp.
421 2135 475 2206 111,
488 2136 530 2190 76.
555 2135 721 2208 Aeschyli
731 2135 872 2191 Prometh.
883 2135 967 2190 vinct.
979 2151 1005 2188 r.
1018 2133 1162 2190 stt-380.

166 2209 200 2274 2.
222 2213 319 2268 veniat
328 2211 494 2283 Aeschylus,
510 2228 566 2266 non
577 2215 661 2283 poeto
673 2213 773 2280 solum,
785 2211 933 2268 sedetiam
943 2209 1150 2282 Pythagoreus3
1162 2208 1203 2265 sic

103 2293 179 2348 enim
191 2288 364 2360 accepimus:
382 2305 436 2412 ppo
448 2287 530 2343 modo
546 2288 602 2344 fert
613 2289 688 2360 apud
700 2306 764 2344 eum
774 2288 956 2343 Prometheus
969 2287 1104 2356 dolorem,
1120 2302 1201 2357 quem

104 2359 210 2432 excipit
221 2358 257 2414 ob
269 2357 375 2412 furtum
412 2357 545 2412 emnium!

191 2439 279 2503 unde
296 2437 380 2524 ignis
398 2437 483 2502 cluet
499 2437 687 2501 mortalibus
705 2437 788 2500 clam

193 2523 330 2589 divisus:
349 2545 423 2586 eum
441 2522 553 2587 doctus
571 2521 784 2587 Prometheus

193 2608 345 2694 clepsisse
363 2607 435 2672 dolo
453 2627 637 2693 poenasque
654 2605 726 2670 Iovi

193 2694 262 2760 fato
276 2693 468 2778 expendisse
487 2711 646 2777 supremo.

1 2851 2 2858 ,
104 2789 157 2844 hae
168 2785 258 2858 igitur
267 2800 372 2855 poenas
382 2783 516 2855 pendens,
528 2780 636 2836 adfixus
648 2781 686 2835 ad
698 2778 859 2847 Caucasum,
872 2777 940 2832 dicit
950 2775 1033 2834 haec:

1 2867 2 2882 ¹
194 2867 349 2932 Titanum
366 2864 503 2939 suboles,
522 2861 609 2928 socia
626 2861 727 2927 nostri
744 2857 916 2945 sanguinis,

195 2959 349 3037 generata
367 2945 477 3024 Caelo,
496 2947 627 3033 aspicite
645 2947 814 3032 religatum
832 2944 951 3029 asperis

195 3037 403 3117 vinctumque
421 3033 516 3110 saxis,
537 3055 653 3097 navem
670 3041 706 3095 ut
723 3029 886 3094 horrisono
904 3028 985 3094 freto

195 3131 324 3186 noctem
340 3129 494 3204 paventes
512 3117 614 3182 timidi
632 3117 804 3181 adnectunt
821 3114 957 3178 navitae.

198 3203 370 3273 Saturnius
387 3225 440 3267 me
458 3202 504 3266 sic
521 3202 624 3266 infixit
640 3200 795 3286 Iuppiter,

197 3291 350 3374 Iovisque
366 3309 486 3353 numen
503 3286 675 3352 Mulciberi
692 3284 828 3350 adscivit
845 3303 969 3347 manus.

198 3376 259 3441 bos
275 3375 329 3439 ille
347 3395 465 3438 cuneos
482 3371 604 3437 fabrica
622 3371 742 3436 crudeli
758 3370 901 3434 inserens

197 3459 343 3548 perrupit
360 3470 463 3524 artus:
482 3478 546 3542 qua
564 3456 659 3521 miser
677 3454 815 3520 sollertia

197 3543 473 3612 transverberatus
492 3552 631 3608 castrum
648 3541 709 3606 hoe
726 3539 896 3604 Furiarum
913 3538 1027 3604 incolo.

197 3633 265 3698 iam
282 3630 376 3696 tertio
393 3651 445 3694 me
463 3649 591 3712 quoque
608 3628 735 3692 funesto
754 3625 805 3689 die
857 3689 860 3694 .

197 3717 283 3784 tristi
300 3715 451 3781 advolatu
469 3713 601 3778 aduncis
617 3712 761 3778 lacerans
779 3708 941 3795 unguibus

199 3802 289 3869 Iovis
307 3800 433 3866 satelles
451 3810 546 3900 pastu
563 3797 695 3863 dilaniat
711 3797 791 3863 fero.

198 3901 271 3955 tum
286 3885 392 3952 iecore
409 3905 517 3970 opimo
533 3883 617 3948 farta
634 3893 667 3950 et
684 3881 799 3946 satiata
815 3878 949 3945 adfatim

199 3975 385 4058 clangorem
402 3969 508 4034 fundit
526 3978 651 4034 vastum
670 3979 703 4033 et
719 3966 855 4032 sublime
873 3963 1004 4028 avolans

199 4061 334 4147 pinnata
352 4055 454 4122 cauda
471 4066 616 4120 nostrum
633 4053 743 4118 adulat
761 4048 958 4135 sanguinem.
