<?xml version="1.0" encoding="UTF-8"?>
<!DOCTYPE html PUBLIC "-//W3C//DTD XHTML 1.0 Transitional//EN"
    "http://www.w3.org/TR/xhtml1/DTD/xhtml1-transitional.dtd">
<html xmlns="http://www.w3.org/1999/xhtml" xml:lang="en" lang="en">
 <head>
  <title>
</title>
<meta http-equiv="Content-Type" content="text/html;charset=utf-8" />
  <meta name='ocr-system' content='tesseract 3.04.00' />
  <meta name='ocr-capabilities' content='ocr_page ocr_carea ocr_par ocr_line ocrx_word'/>
</head>
<body>
  <div class='ocr_page' id='page_1' title='image "./mtulliiciceroni95cicegoog/mtulliiciceroni95cicegoog_0056.png"; bbox 0 0 2674 4558; ppageno 0'>
   <div class='ocr_carea' id='block_1_1' title="bbox 117 267 872 338">
    <p class='ocr_par' dir='ltr' id='par_1_1' title="bbox 117 267 872 338">
     <span class='ocr_line' id='line_1_1' title="bbox 117 267 872 338; baseline 0.005 -6"><span class='ocrx_word' id='word_1_1' title='bbox 117 267 161 333; x_wconf 87' lang='grc'><strong>40</strong></span> <span class='ocrx_word' id='word_1_2' title='bbox 461 281 500 335; x_wconf 93' lang='lat' dir='ltr'><strong>M.</strong></span> <span class='ocrx_word' id='word_1_3' title='bbox 520 281 655 338; x_wconf 81' lang='lat' dir='ltr'>TULLII</span> <span class='ocrx_word' id='word_1_4' title='bbox 674 277 872 336; x_wconf 78' lang='lat' dir='ltr'>CICERONIS</span> 
     </span>
    </p>
   </div>
   <div class='ocr_carea' id='block_1_2' title="bbox 360 425 880 470">
    <p class='ocr_par' dir='ltr' id='par_1_2' title="bbox 360 425 880 470">
     <span class='ocr_line' id='line_1_2' title="bbox 360 425 880 470; baseline -0.008 -1"><span class='ocrx_word' id='word_1_5' title='bbox 360 427 362 432; x_wconf 77' lang='grc'>’</span> <span class='ocrx_word' id='word_1_6' title='bbox 452 426 495 468; x_wconf 81' lang='lat' dir='ltr'><strong>AD</strong></span> <span class='ocrx_word' id='word_1_7' title='bbox 512 427 640 470; x_wconf 75' lang='lat' dir='ltr'><strong>EUNDEM</strong></span> <span class='ocrx_word' id='word_1_8' title='bbox 656 425 751 468; x_wconf 77' lang='lat' dir='ltr'><strong>EPIS&#39;I&#39;·</strong></span> <span class='ocrx_word' id='word_1_9' title='bbox 769 425 829 466; x_wconf 74' lang='grc' dir='ltr'><strong>ΠΒ.</strong></span> <span class='ocrx_word' id='word_1_10' title='bbox 847 427 880 466; x_wconf 88' lang='grc' dir='ltr'><strong>Π.</strong></span> 
     </span>
    </p>
   </div>
   <div class='ocr_carea' id='block_1_3' title="bbox 184 506 1226 583">
    <p class='ocr_par' dir='ltr' id='par_1_3' title="bbox 184 471 1332 583">
     <span class='ocr_line' id='line_1_3' title="bbox 184 506 1226 583; baseline -0.01 -11"><span class='ocrx_word' id='word_1_11' title='bbox 184 509 213 572; x_wconf 91' lang='grc'><strong>1.</strong></span> <span class='ocrx_word' id='word_1_12' title='bbox 236 513 406 568; x_wconf 85' lang='lat' dir='ltr'><strong>monumenti</strong></span> <span class='ocrx_word' id='word_1_13' title='bbox 420 512 619 583; x_wconf 75' lang='lat' dir='ltr'><strong>proprietatem</strong></span> <span class='ocrx_word' id='word_1_14' title='bbox 634 528 652 567; x_wconf 90' lang='lat' dir='ltr'><strong>a</strong></span> <span class='ocrx_word' id='word_1_15' title='bbox 671 511 806 566; x_wconf 88' lang='lat' dir='ltr'><strong>monendo</strong></span> <span class='ocrx_word' id='word_1_16' title='bbox 823 509 861 564; x_wconf 89' lang='lat' dir='ltr'><strong>M.</strong></span> <span class='ocrx_word' id='word_1_17' title='bbox 879 509 989 564; x_wconf 82' lang='lat' dir='ltr'><strong>Tullius</strong></span> <span class='ocrx_word' id='word_1_18' title='bbox 1010 506 1226 579; x_wconf 79' lang='lat' dir='ltr'><strong>exprimendam</strong></span> 
     </span>
    </p>
   </div>
   <div class='ocr_carea' id='block_1_4' title="bbox 119 587 1224 674">
    <p class='ocr_par' dir='ltr' id='par_1_4' title="bbox 119 587 1224 674">
     <span class='ocr_line' id='line_1_4' title="bbox 119 587 1224 674; baseline -0.003 -21"><span class='ocrx_word' id='word_1_19' title='bbox 119 599 228 670; x_wconf 80' lang='lat' dir='ltr'><strong>putavit</strong></span> <span class='ocrx_word' id='word_1_20' title='bbox 239 597 277 652; x_wconf 85' lang='lat' dir='ltr'><strong>ad</strong></span> <span class='ocrx_word' id='word_1_21' title='bbox 288 593 435 652; x_wconf 82' lang='lat' dir='ltr'><strong>Caesarem</strong></span> <span class='ocrx_word' id='word_1_22' title='bbox 451 597 628 667; x_wconf 84' lang='lat' dir='ltr'><strong>epistolarem</strong></span> <span class='ocrx_word' id='word_1_23' title='bbox 645 598 687 650; x_wconf 81' lang='lat' dir='ltr'><strong>lib.</strong></span> <span class='ocrx_word' id='word_1_24' title='bbox 699 597 743 651; x_wconf 84' lang='lat'><strong>11:</strong></span> <span class='ocrx_word' id='word_1_25' title='bbox 767 591 823 654; x_wconf 89' lang='lat' dir='ltr'><strong>sed</strong></span> <span class='ocrx_word' id='word_1_26' title='bbox 839 609 909 674; x_wconf 84' lang='lat' dir='ltr'><strong>eg0,</strong></span> <span class='ocrx_word' id='word_1_27' title='bbox 923 610 1006 672; x_wconf 86' lang='lat' dir='ltr'><strong>quae</strong></span> <span class='ocrx_word' id='word_1_28' title='bbox 1020 587 1224 652; x_wconf 85' lang='lat' dir='ltr'><strong>monumenti</strong></span> 
     </span>
    </p>
   </div>
   <div class='ocr_carea' id='block_1_5' title="bbox 119 673 1332 846">
    <p class='ocr_par' dir='ltr' id='par_1_5' title="bbox 119 673 1332 846">
     <span class='ocr_line' id='line_1_5' title="bbox 119 673 1332 761; baseline -0.004 -18"><span class='ocrx_word' id='word_1_29' title='bbox 119 678 200 743; x_wconf 86' lang='lat' dir='ltr'><strong>ratio</strong></span> <span class='ocrx_word' id='word_1_30' title='bbox 224 677 278 754; x_wconf 91' lang='lat' dir='ltr'><strong>sit,</strong></span> <span class='ocrx_word' id='word_1_31' title='bbox 301 677 428 741; x_wconf 90' lang='lat' dir='ltr'><strong>nomine</strong></span> <span class='ocrx_word' id='word_1_32' title='bbox 449 676 519 761; x_wconf 89' lang='lat' dir='ltr'><strong>ipso</strong></span> <span class='ocrx_word' id='word_1_33' title='bbox 542 675 728 740; x_wconf 87' lang='lat' dir='ltr'><strong>admoneor:</strong></span> <span class='ocrx_word' id='word_1_34' title='bbox 753 674 1002 739; x_wconf 89' lang='lat' dir='ltr'><strong>admemoriam</strong></span> <span class='ocrx_word' id='word_1_35' title='bbox 1024 673 1127 758; x_wconf 82' lang='lat' dir='ltr'><strong>magis</strong></span> <span class='ocrx_word' id='word_1_36' title='bbox 1145 693 1224 756; x_wconf 87' lang='lat' dir='ltr'><strong>spe·</strong></span> <span class='ocrx_word' id='word_1_37' title='bbox 1331 737 1332 744; x_wconf 68' lang='grc'><strong>,</strong></span> 
     </span>
     <span class='ocr_line' id='line_1_6' title="bbox 121 756 1332 846; baseline -0.003 -18"><span class='ocrx_word' id='word_1_38' title='bbox 121 774 207 838; x_wconf 85' lang='lat' dir='ltr'><strong>ctare</strong></span> <span class='ocrx_word' id='word_1_39' title='bbox 222 762 318 828; x_wconf 87' lang='lat' dir='ltr'><strong>debet</strong></span> <span class='ocrx_word' id='word_1_40' title='bbox 334 761 527 846; x_wconf 77' lang='lat' dir='ltr'><strong>posteritatis</strong></span> <span class='ocrx_word' id='word_1_41' title='bbox 544 782 642 845; x_wconf 88' lang='lat' dir='ltr'><strong>quam</strong></span> <span class='ocrx_word' id='word_1_42' title='bbox 657 760 698 825; x_wconf 86' lang='lat' dir='ltr'><strong>ad</strong></span> <span class='ocrx_word' id='word_1_43' title='bbox 711 759 886 846; x_wconf 85' lang='lat' dir='ltr'><strong>praesentis</strong></span> <span class='ocrx_word' id='word_1_44' title='bbox 900 757 1051 844; x_wconf 87' lang='lat' dir='ltr'><strong>temporis</strong></span> <span class='ocrx_word' id='word_1_45' title='bbox 1070 756 1224 843; x_wconf 81' lang='lat' dir='ltr'><strong>gratiam.</strong></span> <span class='ocrx_word' id='word_1_46' title='bbox 1331 771 1332 824; x_wconf 84' lang='grc' dir='ltr'><strong>Ῑ</strong></span> 
     </span>
    </p>
   </div>
   <div class='ocr_carea' id='block_1_6' title="bbox 121 843 401 915">
    <p class='ocr_par' dir='ltr' id='par_1_6' title="bbox 121 843 401 915">
     <span class='ocr_line' id='line_1_7' title="bbox 121 843 401 915; baseline -0.025 -10"><span class='ocrx_word' id='word_1_47' title='bbox 121 845 248 904; x_wconf 88' lang='lat' dir='ltr'><strong>Nonius</strong></span> <span class='ocrx_word' id='word_1_48' title='bbox 260 861 288 915; x_wconf 88' lang='lat' dir='ltr'><strong>p.</strong></span> <span class='ocrx_word' id='word_1_49' title='bbox 304 843 401 912; x_wconf 71' lang='lat'><strong>3216.</strong></span> 
     </span>
    </p>
   </div>
   <div class='ocr_carea' id='block_1_7' title="bbox 121 915 1227 1080">
    <p class='ocr_par' dir='ltr' id='par_1_7' title="bbox 121 883 1332 1088">
     <span class='ocr_line' id='line_1_8' title="bbox 185 915 1227 992; baseline -0.011 -12"><span class='ocrx_word' id='word_1_50' title='bbox 185 916 216 980; x_wconf 78' lang='grc'><strong>2.</strong></span> <span class='ocrx_word' id='word_1_51' title='bbox 238 920 365 975; x_wconf 89' lang='lat' dir='ltr'><strong>Locandi</strong></span> <span class='ocrx_word' id='word_1_52' title='bbox 385 917 552 992; x_wconf 81' lang='lat' dir='ltr'><strong>significatio</strong></span> <span class='ocrx_word' id='word_1_53' title='bbox 572 919 721 975; x_wconf 87' lang='lat' dir='ltr'><strong>manifesta</strong></span> <span class='ocrx_word' id='word_1_54' title='bbox 741 924 796 989; x_wconf 83' lang='lat' dir='ltr'><strong>est,</strong></span> <span class='ocrx_word' id='word_1_55' title='bbox 817 924 849 973; x_wconf 84' lang='lat' dir='ltr'><strong>ut</strong></span> <span class='ocrx_word' id='word_1_56' title='bbox 869 922 918 972; x_wconf 85' lang='lat' dir='ltr'><strong>aut</strong></span> <span class='ocrx_word' id='word_1_57' title='bbox 937 916 1029 988; x_wconf 87' lang='lat' dir='ltr'><strong>operis</strong></span> <span class='ocrx_word' id='word_1_58' title='bbox 1043 915 1154 972; x_wconf 84' lang='lat' dir='ltr'><strong>locandi</strong></span> <span class='ocrx_word' id='word_1_59' title='bbox 1172 921 1227 970; x_wconf 82' lang='lat' dir='ltr'><strong>aut</strong></span> 
     </span>
     <span class='ocr_line' id='line_1_9' title="bbox 121 995 1226 1080; baseline -0.008 -21"><span class='ocrx_word' id='word_1_60' title='bbox 121 1006 209 1059; x_wconf 84' lang='lat' dir='ltr'><strong>fundi.</strong></span> <span class='ocrx_word' id='word_1_61' title='bbox 244 1003 411 1058; x_wconf 79' lang='lat' dir='ltr'><strong>M.‘Tulliue</strong></span> <span class='ocrx_word' id='word_1_62' title='bbox 432 1003 607 1074; x_wconf 81' lang='lat' dir='ltr'><strong>epistolarum</strong></span> <span class='ocrx_word' id='word_1_63' title='bbox 623 1005 660 1059; x_wconf 88' lang='lat' dir='ltr'><strong>ad</strong></span> <span class='ocrx_word' id='word_1_64' title='bbox 678 1001 825 1058; x_wconf 88' lang='lat' dir='ltr'><strong>Caesarem</strong></span> <span class='ocrx_word' id='word_1_65' title='bbox 845 1002 894 1058; x_wconf 91' lang='lat' dir='ltr'><strong>lib.</strong></span> <span class='ocrx_word' id='word_1_66' title='bbox 910 1001 953 1056; x_wconf 79' lang='lat'><strong>11:</strong></span> <span class='ocrx_word' id='word_1_67' title='bbox 981 997 1033 1062; x_wconf 86' lang='lat' dir='ltr'><strong>vel</strong></span> <span class='ocrx_word' id='word_1_68' title='bbox 1059 995 1145 1080; x_wconf 86' lang='lat' dir='ltr'><strong>quod</strong></span> <span class='ocrx_word' id='word_1_69' title='bbox 1171 995 1226 1059; x_wconf 84' lang='lat' dir='ltr'><strong>lo·</strong></span> 
     </span>
    </p>
   </div>
   <div class='ocr_carea' id='block_1_8' title="bbox 123 1082 762 1169">
    <p class='ocr_par' dir='ltr' id='par_1_8' title="bbox 123 1082 762 1169">
     <span class='ocr_line' id='line_1_10' title="bbox 123 1082 762 1169; baseline -0.009 -21"><span class='ocrx_word' id='word_1_70' title='bbox 123 1084 204 1148; x_wconf 90' lang='lat' dir='ltr'><strong>catio</strong></span> <span class='ocrx_word' id='word_1_71' title='bbox 222 1082 293 1169; x_wconf 88' lang='lat' dir='ltr'><strong>ipsa</strong></span> <span class='ocrx_word' id='word_1_72' title='bbox 309 1083 462 1169; x_wconf 82' lang='lat' dir='ltr'><strong>pretiosa.</strong></span> <span class='ocrx_word' id='word_1_73' title='bbox 501 1088 595 1143; x_wconf 85' lang='lat' dir='ltr'><strong>Idem</strong></span> <span class='ocrx_word' id='word_1_74' title='bbox 605 1106 633 1160; x_wconf 89' lang='lat' dir='ltr'><strong>p.</strong></span> <span class='ocrx_word' id='word_1_75' title='bbox 647 1088 707 1158; x_wconf 82' lang='lat'><strong>340,</strong></span> <span class='ocrx_word' id='word_1_76' title='bbox 720 1089 762 1143; x_wconf 82' lang='grc'><strong>15.</strong></span> 
     </span>
    </p>
   </div>
   <div class='ocr_carea' id='block_1_9' title="bbox 189 1263 1332 1415">
    <p class='ocr_par' dir='ltr' id='par_1_9' title="bbox 189 1263 1332 1415">
     <span class='ocr_line' id='line_1_11' title="bbox 449 1263 1332 1310; baseline -0.007 -2"><span class='ocrx_word' id='word_1_77' title='bbox 449 1265 492 1308; x_wconf 78' lang='lat' dir='ltr'><strong>An</strong></span> <span class='ocrx_word' id='word_1_78' title='bbox 510 1266 639 1310; x_wconf 72' lang='lat' dir='ltr'><strong>munnam</strong></span> <span class='ocrx_word' id='word_1_79' title='bbox 654 1263 750 1307; x_wconf 75' lang='lat' dir='ltr'><strong>rerer.</strong></span> <span class='ocrx_word' id='word_1_80' title='bbox 767 1265 828 1306; x_wconf 75' lang='lat' dir='ltr'><strong>Lm.</strong></span> <span class='ocrx_word' id='word_1_81' title='bbox 845 1267 889 1307; x_wconf 87' lang='lat'><strong>111.</strong></span> <span class='ocrx_word' id='word_1_82' title='bbox 1331 1263 1332 1302; x_wconf 62' lang='grc' dir='ltr'><strong>ι</strong></span> 
     </span>
     <span class='ocr_line' id='line_1_12' title="bbox 189 1339 1332 1415; baseline -0.008 -13"><span class='ocrx_word' id='word_1_83' title='bbox 189 1339 218 1403; x_wconf 89' lang='grc'><strong>1.</strong></span> <span class='ocrx_word' id='word_1_84' title='bbox 242 1343 380 1415; x_wconf 76' lang='lat' dir='ltr'><strong>dimittere</strong></span> <span class='ocrx_word' id='word_1_85' title='bbox 400 1347 443 1397; x_wconf 83' lang='lat' dir='ltr'><strong>est</strong></span> <span class='ocrx_word' id='word_1_86' title='bbox 462 1343 663 1413; x_wconf 88' lang='lat' dir='ltr'><strong>derelinquere.</strong></span> <span class='ocrx_word' id='word_1_87' title='bbox 697 1341 736 1396; x_wconf 88' lang='lat' dir='ltr'><strong>M.</strong></span> <span class='ocrx_word' id='word_1_88' title='bbox 749 1341 863 1396; x_wconf 79' lang='lat' dir='ltr'><strong>i&#39;Pullius</strong></span> <span class='ocrx_word' id='word_1_89' title='bbox 880 1342 917 1396; x_wconf 82' lang='lat' dir='ltr'><strong>ad</strong></span> <span class='ocrx_word' id='word_1_90' title='bbox 934 1341 1081 1397; x_wconf 87' lang='lat' dir='ltr'><strong>Caesarem</strong></span> <span class='ocrx_word' id='word_1_91' title='bbox 1096 1339 1145 1395; x_wconf 88' lang='lat' dir='ltr'><strong>lib.</strong></span> <span class='ocrx_word' id='word_1_92' title='bbox 1161 1340 1225 1394; x_wconf 80' lang='lat'>111:</span> <span class='ocrx_word' id='word_1_93' title='bbox 1331 1353 1332 1402; x_wconf 81' lang='lat' dir='ltr'>j</span> 
     </span>
    </p>
   </div>
   <div class='ocr_carea' id='block_1_10' title="bbox 125 1419 1332 1506">
    <p class='ocr_par' dir='ltr' id='par_1_10' title="bbox 125 1419 1332 1506">
     <span class='ocr_line' id='line_1_13' title="bbox 125 1419 1332 1506; baseline -0.003 -19"><span class='ocrx_word' id='word_1_94' title='bbox 125 1445 208 1506; x_wconf 90' lang='lat' dir='ltr'><strong>quae</strong></span> <span class='ocrx_word' id='word_1_95' title='bbox 225 1423 254 1488; x_wconf 89' lang='lat' dir='ltr'><strong>si</strong></span> <span class='ocrx_word' id='word_1_96' title='bbox 271 1423 411 1500; x_wconf 88' lang='lat' dir='ltr'><strong>videres,</strong></span> <span class='ocrx_word' id='word_1_97' title='bbox 434 1443 499 1487; x_wconf 90' lang='lat' dir='ltr'><strong>non</strong></span> <span class='ocrx_word' id='word_1_98' title='bbox 516 1433 549 1488; x_wconf 90' lang='lat' dir='ltr'><strong>te</strong></span> <span class='ocrx_word' id='word_1_99' title='bbox 567 1423 708 1487; x_wconf 87' lang='lat' dir='ltr'><strong>exercitu</strong></span> <span class='ocrx_word' id='word_1_100' title='bbox 726 1421 892 1487; x_wconf 90' lang='lat' dir='ltr'><strong>retinendo</strong></span> <span class='ocrx_word' id='word_1_101' title='bbox 910 1421 1006 1499; x_wconf 89' lang='lat' dir='ltr'><strong>tueri,</strong></span> <span class='ocrx_word' id='word_1_102' title='bbox 1026 1419 1082 1485; x_wconf 87' lang='lat' dir='ltr'><strong>sed</strong></span> <span class='ocrx_word' id='word_1_103' title='bbox 1100 1441 1138 1485; x_wconf 91' lang='lat' dir='ltr'><strong>eo</strong></span> <span class='ocrx_word' id='word_1_104' title='bbox 1155 1430 1225 1484; x_wconf 89' lang='lat' dir='ltr'><strong>tra·</strong></span> <span class='ocrx_word' id='word_1_105' title='bbox 1331 1443 1332 1466; x_wconf 70' lang='lat'>³</span> 
     </span>
    </p>
   </div>
   <div class='ocr_carea' id='block_1_11' title="bbox 125 1508 888 1678">
    <p class='ocr_par' dir='ltr' id='par_1_11' title="bbox 125 1508 888 1678">
     <span class='ocr_line' id='line_1_14' title="bbox 125 1508 726 1584; baseline -0.007 -14"><span class='ocrx_word' id='word_1_106' title='bbox 125 1509 191 1574; x_wconf 88' lang='lat' dir='ltr'><strong>dito</strong></span> <span class='ocrx_word' id='word_1_107' title='bbox 209 1518 266 1575; x_wconf 87' lang='lat' dir='ltr'><strong>aut</strong></span> <span class='ocrx_word' id='word_1_108' title='bbox 283 1508 423 1573; x_wconf 87' lang='lat' dir='ltr'><strong>dimisso.</strong></span> <span class='ocrx_word' id='word_1_109' title='bbox 467 1512 559 1567; x_wconf 84' lang='lat' dir='ltr'>Idem</span> <span class='ocrx_word' id='word_1_110' title='bbox 569 1529 599 1583; x_wconf 92' lang='lat' dir='ltr'><strong>p.</strong></span> <span class='ocrx_word' id='word_1_111' title='bbox 611 1513 672 1584; x_wconf 84' lang='grc'><strong>286,</strong></span> <span class='ocrx_word' id='word_1_112' title='bbox 685 1513 726 1567; x_wconf 89' lang='grc'><strong>12.</strong></span> 
     </span>
     <span class='ocr_line' id='line_1_15' title="bbox 227 1604 888 1678; baseline 0 -18"><span class='ocrx_word' id='word_1_113' title='bbox 227 1617 251 1661; x_wconf 76' lang='lat' dir='ltr'><strong>te</strong></span> <span class='ocrx_word' id='word_1_114' title='bbox 261 1606 426 1678; x_wconf 78' lang='lat' dir='ltr'><strong>Nipperdey</strong></span> <span class='ocrx_word' id='word_1_115' title='bbox 437 1605 547 1674; x_wconf 87' lang='lat' dir='ltr'><strong>(Philol.</strong></span> <span class='ocrx_word' id='word_1_116' title='bbox 559 1606 614 1660; x_wconf 89' lang='lat' dir='ltr'><strong>III.</strong></span> <span class='ocrx_word' id='word_1_117' title='bbox 626 1624 654 1678; x_wconf 88' lang='lat' dir='ltr'><strong>p.</strong></span> <span class='ocrx_word' id='word_1_118' title='bbox 669 1606 753 1675; x_wconf 76' lang='lat'><strong>149.):</strong></span> <span class='ocrx_word' id='word_1_119' title='bbox 766 1608 797 1660; x_wconf 84' lang='lat' dir='ltr'><strong>dc</strong></span> <span class='ocrx_word' id='word_1_120' title='bbox 808 1604 888 1660; x_wconf 86' lang='lat' dir='ltr'><strong>codd.</strong></span> 
     </span>
    </p>
   </div>
   <div class='ocr_carea' id='block_1_12' title="bbox 189 1695 1332 1770">
    <p class='ocr_par' dir='ltr' id='par_1_12' title="bbox 189 1695 1332 1770">
     <span class='ocr_line' id='line_1_16' title="bbox 189 1695 1332 1770; baseline -0.006 -12"><span class='ocrx_word' id='word_1_121' title='bbox 189 1695 220 1760; x_wconf 81' lang='grc'><strong>2.</strong></span> <span class='ocrx_word' id='word_1_122' title='bbox 245 1703 419 1755; x_wconf 82' lang='lat' dir='ltr'><strong>contemnere</strong></span> <span class='ocrx_word' id='word_1_123' title='bbox 431 1703 460 1754; x_wconf 82' lang='lat' dir='ltr'><strong>et</strong></span> <span class='ocrx_word' id='word_1_124' title='bbox 475 1698 618 1770; x_wconf 83' lang='lat' dir='ltr'><strong>despicere</strong></span> <span class='ocrx_word' id='word_1_125' title='bbox 635 1715 668 1756; x_wconf 92' lang='lat' dir='ltr'><strong>eo</strong></span> <span class='ocrx_word' id='word_1_126' title='bbox 680 1701 798 1770; x_wconf 84' lang='lat' dir='ltr'><strong>distant,</strong></span> <span class='ocrx_word' id='word_1_127' title='bbox 815 1699 889 1770; x_wconf 89' lang='lat' dir='ltr'><strong>quod</strong></span> <span class='ocrx_word' id='word_1_128' title='bbox 902 1703 944 1754; x_wconf 84' lang='lat' dir='ltr'><strong>est</strong></span> <span class='ocrx_word' id='word_1_129' title='bbox 956 1697 1097 1769; x_wconf 79' lang='lat' dir='ltr'><strong>despicere</strong></span> <span class='ocrx_word' id='word_1_130' title='bbox 1110 1696 1224 1768; x_wconf 83' lang='lat' dir='ltr'><strong>gravius</strong></span> <span class='ocrx_word' id='word_1_131' title='bbox 1331 1713 1332 1734; x_wconf 60' lang='lat'>¹</span> 
     </span>
    </p>
   </div>
   <div class='ocr_carea' id='block_1_13' title="bbox 125 1775 1224 1855">
    <p class='ocr_par' dir='ltr' id='par_1_13' title="bbox 125 1775 1224 1855">
     <span class='ocr_line' id='line_1_17' title="bbox 125 1775 1224 1855; baseline 0.003 -17"><span class='ocrx_word' id='word_1_132' title='bbox 125 1801 210 1855; x_wconf 91' lang='lat' dir='ltr'><strong>quam</strong></span> <span class='ocrx_word' id='word_1_133' title='bbox 235 1789 417 1840; x_wconf 82' lang='lat' dir='ltr'><strong>contemnere.</strong></span> <span class='ocrx_word' id='word_1_134' title='bbox 452 1783 491 1839; x_wconf 90' lang='lat' dir='ltr'><strong>M.</strong></span> <span class='ocrx_word' id='word_1_135' title='bbox 513 1783 622 1839; x_wconf 88' lang='lat' dir='ltr'><strong>Tullius</strong></span> <span class='ocrx_word' id='word_1_136' title='bbox 648 1785 684 1838; x_wconf 87' lang='lat' dir='ltr'><strong>ad</strong></span> <span class='ocrx_word' id='word_1_137' title='bbox 709 1782 857 1840; x_wconf 86' lang='lat' dir='ltr'><strong>Caesarem</strong></span> <span class='ocrx_word' id='word_1_138' title='bbox 880 1783 929 1838; x_wconf 91' lang='lat' dir='ltr'><strong>lib.</strong></span> <span class='ocrx_word' id='word_1_139' title='bbox 950 1783 1009 1838; x_wconf 83' lang='lat'>111:</span> <span class='ocrx_word' id='word_1_140' title='bbox 1038 1775 1131 1842; x_wconf 81' lang='lat' dir='ltr'><strong>amici</strong></span> <span class='ocrx_word' id='word_1_141' title='bbox 1156 1799 1224 1841; x_wconf 87' lang='lat' dir='ltr'><strong>non</strong></span> 
     </span>
    </p>
   </div>
   <div class='ocr_carea' id='block_1_14' title="bbox 125 1863 1224 2026">
    <p class='ocr_par' dir='ltr' id='par_1_14' title="bbox 125 1863 1224 2026">
     <span class='ocr_line' id='line_1_18' title="bbox 125 1863 1224 1950; baseline -0.003 -21"><span class='ocrx_word' id='word_1_142' title='bbox 125 1865 206 1930; x_wconf 88' lang='lat' dir='ltr'><strong>nulli</strong></span> <span class='ocrx_word' id='word_1_143' title='bbox 224 1887 243 1928; x_wconf 86' lang='lat' dir='ltr'><strong>a</strong></span> <span class='ocrx_word' id='word_1_144' title='bbox 261 1875 292 1929; x_wconf 89' lang='lat' dir='ltr'><strong>te</strong></span> <span class='ocrx_word' id='word_1_145' title='bbox 311 1864 470 1928; x_wconf 86' lang='lat' dir='ltr'><strong>contemni</strong></span> <span class='ocrx_word' id='word_1_146' title='bbox 487 1873 520 1929; x_wconf 87' lang='lat' dir='ltr'><strong>et</strong></span> <span class='ocrx_word' id='word_1_147' title='bbox 538 1864 657 1950; x_wconf 90' lang='lat' dir='ltr'><strong>despici</strong></span> <span class='ocrx_word' id='word_1_148' title='bbox 680 1885 718 1929; x_wconf 90' lang='lat' dir='ltr'><strong>ac</strong></span> <span class='ocrx_word' id='word_1_149' title='bbox 740 1885 798 1949; x_wconf 89' lang='lat' dir='ltr'><strong>pro</strong></span> <span class='ocrx_word' id='word_1_150' title='bbox 822 1863 920 1928; x_wconf 91' lang='lat' dir='ltr'><strong>nihilo</strong></span> <span class='ocrx_word' id='word_1_151' title='bbox 942 1863 1053 1929; x_wconf 88' lang='lat' dir='ltr'><strong>haberi</strong></span> <span class='ocrx_word' id='word_1_152' title='bbox 1070 1867 1224 1928; x_wconf 85' lang='lat' dir='ltr'><strong>&#39;senatum</strong></span> 
     </span>
     <span class='ocr_line' id='line_1_19' title="bbox 127 1951 552 2026; baseline -0.014 -12"><span class='ocrx_word' id='word_1_153' title='bbox 127 1951 247 2014; x_wconf 89' lang='lat' dir='ltr'><strong>volunt.</strong></span> <span class='ocrx_word' id='word_1_154' title='bbox 290 1955 384 2011; x_wconf 91' lang='lat' dir='ltr'><strong>Idem</strong></span> <span class='ocrx_word' id='word_1_155' title='bbox 394 1973 422 2026; x_wconf 94' lang='lat' dir='ltr'><strong>p.</strong></span> <span class='ocrx_word' id='word_1_156' title='bbox 435 1955 496 2024; x_wconf 81' lang='grc'><strong>436,</strong></span> <span class='ocrx_word' id='word_1_157' title='bbox 508 1955 552 2009; x_wconf 90' lang='grc'><strong>22.</strong></span> 
     </span>
    </p>
   </div>
   <div class='ocr_carea' id='block_1_15' title="bbox 417 2124 930 2168">
    <p class='ocr_par' dir='ltr' id='par_1_15' title="bbox 417 2124 930 2168">
     <span class='ocr_line' id='line_1_20' title="bbox 417 2124 930 2168; baseline 0 -2"><span class='ocrx_word' id='word_1_158' title='bbox 417 2124 460 2166; x_wconf 79' lang='lat' dir='ltr'><strong>An</strong></span> <span class='ocrx_word' id='word_1_159' title='bbox 477 2125 606 2168; x_wconf 74' lang='lat' dir='ltr'><strong>EUNDEM</strong></span> <span class='ocrx_word' id='word_1_160' title='bbox 622 2125 664 2166; x_wconf 74' lang='lat' dir='ltr'><strong>EX</strong></span> <span class='ocrx_word' id='word_1_161' title='bbox 680 2125 771 2168; x_wconf 77' lang='lat' dir='ltr'><strong>mac</strong></span> <span class='ocrx_word' id='word_1_162' title='bbox 789 2124 930 2168; x_wconf 69' lang='lat' dir='ltr'><strong>munero.</strong></span> 
     </span>
    </p>
   </div>
   <div class='ocr_carea' id='block_1_16' title="bbox 128 2205 1332 2376">
    <p class='ocr_par' dir='ltr' id='par_1_16' title="bbox 128 2187 1332 2376">
     <span class='ocr_line' id='line_1_21' title="bbox 192 2205 1225 2282; baseline -0.004 -15"><span class='ocrx_word' id='word_1_163' title='bbox 192 2205 221 2268; x_wconf 93' lang='lat' dir='ltr'><strong>l.</strong></span> <span class='ocrx_word' id='word_1_164' title='bbox 245 2212 389 2282; x_wconf 87' lang='lat' dir='ltr'><strong>consequi,</strong></span> <span class='ocrx_word' id='word_1_165' title='bbox 408 2211 574 2280; x_wconf 85' lang='lat' dir='ltr'><strong>exprimere,</strong></span> <span class='ocrx_word' id='word_1_166' title='bbox 591 2210 717 2267; x_wconf 84' lang='lat' dir='ltr'><strong>definire.</strong></span> <span class='ocrx_word' id='word_1_167' title='bbox 752 2211 791 2266; x_wconf 92' lang='lat' dir='ltr'><strong>M.</strong></span> <span class='ocrx_word' id='word_1_168' title='bbox 810 2211 920 2266; x_wconf 82' lang='lat' dir='ltr'><strong>Tullius</strong></span> <span class='ocrx_word' id='word_1_169' title='bbox 936 2211 973 2264; x_wconf 88' lang='lat' dir='ltr'><strong>ad</strong></span> <span class='ocrx_word' id='word_1_170' title='bbox 990 2207 1150 2264; x_wconf 88' lang='lat' dir='ltr'><strong>Caesarem:</strong></span> <span class='ocrx_word' id='word_1_171' title='bbox 1168 2227 1225 2270; x_wconf 84' lang='lat' dir='ltr'><strong>ex·</strong></span> 
     </span>
     <span class='ocr_line' id='line_1_22' title="bbox 128 2289 1332 2376; baseline -0.001 -22"><span class='ocrx_word' id='word_1_172' title='bbox 128 2302 229 2355; x_wconf 86' lang='lat' dir='ltr'><strong>treme</strong></span> <span class='ocrx_word' id='word_1_173' title='bbox 255 2311 331 2355; x_wconf 88' lang='lat' dir='ltr'><strong>vero</strong></span> <span class='ocrx_word' id='word_1_174' title='bbox 363 2312 423 2356; x_wconf 88' lang='lat' dir='ltr'><strong>neo</strong></span> <span class='ocrx_word' id='word_1_175' title='bbox 451 2301 572 2376; x_wconf 84' lang='lat' dir='ltr'><strong>quanta</strong></span> <span class='ocrx_word' id='word_1_176' title='bbox 599 2312 659 2356; x_wconf 91' lang='lat' dir='ltr'><strong>neo</strong></span> <span class='ocrx_word' id='word_1_177' title='bbox 688 2291 796 2375; x_wconf 88' lang='lat' dir='ltr'><strong>qualia</strong></span> <span class='ocrx_word' id='word_1_178' title='bbox 827 2291 904 2366; x_wconf 88' lang='lat' dir='ltr'><strong>sint,</strong></span> <span class='ocrx_word' id='word_1_179' title='bbox 938 2289 1044 2354; x_wconf 87' lang='lat' dir='ltr'><strong>verbis</strong></span> <span class='ocrx_word' id='word_1_180' title='bbox 1072 2290 1224 2373; x_wconf 87' lang='lat' dir='ltr'><strong>consequi</strong></span> <span class='ocrx_word' id='word_1_181' title='bbox 1331 2305 1332 2332; x_wconf 58' lang='grc'><strong>1</strong></span> 
     </span>
    </p>
   </div>
   <div class='ocr_carea' id='block_1_17' title="bbox 127 2381 1223 2716">
    <p class='ocr_par' dir='ltr' id='par_1_17' title="bbox 127 2381 576 2460">
     <span class='ocr_line' id='line_1_23' title="bbox 127 2381 576 2460; baseline -0.016 -19"><span class='ocrx_word' id='word_1_182' title='bbox 127 2397 268 2460; x_wconf 82' lang='lat' dir='ltr'><strong>possum.</strong></span> <span class='ocrx_word' id='word_1_183' title='bbox 312 2381 576 2453; x_wconf 79' lang='lat' dir='ltr'><strong>Idemp.270,19.</strong></span> 
     </span>
    </p>

    <p class='ocr_par' dir='ltr' id='par_1_18' title="bbox 129 2459 1223 2716">
     <span class='ocr_line' id='line_1_24' title="bbox 192 2459 1223 2544; baseline 0.001 -20"><span class='ocrx_word' id='word_1_184' title='bbox 192 2461 224 2524; x_wconf 92' lang='lat'><strong>2.</strong></span> <span class='ocrx_word' id='word_1_185' title='bbox 245 2466 284 2521; x_wconf 92' lang='grc' dir='ltr'><strong>Μ.</strong></span> <span class='ocrx_word' id='word_1_186' title='bbox 307 2466 417 2522; x_wconf 82' lang='lat' dir='ltr'><strong>Tullius</strong></span> <span class='ocrx_word' id='word_1_187' title='bbox 442 2466 620 2538; x_wconf 86' lang='lat' dir='ltr'><strong>epistolarum</strong></span> <span class='ocrx_word' id='word_1_188' title='bbox 644 2467 682 2520; x_wconf 88' lang='lat' dir='ltr'><strong>ad</strong></span> <span class='ocrx_word' id='word_1_189' title='bbox 703 2466 863 2521; x_wconf 86' lang='lat' dir='ltr'><strong>Caesarem:</strong></span> <span class='ocrx_word' id='word_1_190' title='bbox 886 2459 950 2522; x_wconf 90' lang='lat' dir='ltr'><strong>iam</strong></span> <span class='ocrx_word' id='word_1_191' title='bbox 983 2459 1223 2544; x_wconf 84' lang='lat' dir='ltr'><strong>amplitudinem</strong></span> 
     </span>
     <span class='ocr_line' id='line_1_25' title="bbox 129 2543 1222 2634; baseline -0.001 -23"><span class='ocrx_word' id='word_1_192' title='bbox 129 2547 327 2632; x_wconf 86' lang='lat' dir='ltr'><strong>gloriamque</strong></span> <span class='ocrx_word' id='word_1_193' title='bbox 341 2556 431 2611; x_wconf 85' lang='lat' dir='ltr'><strong>tuam</strong></span> <span class='ocrx_word' id='word_1_194' title='bbox 444 2567 562 2634; x_wconf 83' lang='lat' dir='ltr'><strong>magno</strong></span> <span class='ocrx_word' id='word_1_195' title='bbox 572 2546 649 2612; x_wconf 89' lang='lat' dir='ltr'><strong>mihi</strong></span> <span class='ocrx_word' id='word_1_196' title='bbox 659 2555 844 2610; x_wconf 86' lang='lat' dir='ltr'><strong>ornamento</strong></span> <span class='ocrx_word' id='word_1_197' title='bbox 855 2566 924 2610; x_wconf 87' lang='lat' dir='ltr'><strong>esse</strong></span> <span class='ocrx_word' id='word_1_198' title='bbox 939 2554 970 2608; x_wconf 93' lang='lat' dir='ltr'><strong>et</strong></span> <span class='ocrx_word' id='word_1_199' title='bbox 983 2543 1051 2608; x_wconf 82' lang='lat' dir='ltr'><strong>fore</strong></span> <span class='ocrx_word' id='word_1_200' title='bbox 1066 2543 1222 2622; x_wconf 85' lang='lat' dir='ltr'><strong>existimo,</strong></span> 
     </span>
     <span class='ocr_line' id='line_1_26' title="bbox 129 2631 938 2716; baseline -0.012 -19"><span class='ocrx_word' id='word_1_201' title='bbox 129 2631 215 2716; x_wconf 87' lang='lat' dir='ltr'><strong>quod</strong></span> <span class='ocrx_word' id='word_1_202' title='bbox 232 2654 284 2696; x_wconf 90' lang='lat' dir='ltr'><strong>me</strong></span> <span class='ocrx_word' id='word_1_203' title='bbox 300 2632 388 2696; x_wconf 85' lang='lat' dir='ltr'><strong>levas</strong></span> <span class='ocrx_word' id='word_1_204' title='bbox 406 2653 493 2696; x_wconf 85' lang='lat' dir='ltr'><strong>cura.</strong></span> <span class='ocrx_word' id='word_1_205' title='bbox 537 2637 627 2693; x_wconf 89' lang='lat' dir='ltr'><strong>Idem</strong></span> <span class='ocrx_word' id='word_1_206' title='bbox 640 2656 665 2692; x_wconf 88' lang='lat' dir='ltr'><strong>v.</strong></span> <span class='ocrx_word' id='word_1_207' title='bbox 677 2638 771 2692; x_wconf 86' lang='lat' dir='ltr'><strong>levare</strong></span> <span class='ocrx_word' id='word_1_208' title='bbox 782 2652 810 2707; x_wconf 89' lang='lat' dir='ltr'><strong>p.</strong></span> <span class='ocrx_word' id='word_1_209' title='bbox 823 2635 885 2706; x_wconf 81' lang='lat'><strong>336,</strong></span> <span class='ocrx_word' id='word_1_210' title='bbox 896 2634 938 2690; x_wconf 89' lang='lat'><strong>22.</strong></span> 
     </span>
    </p>
   </div>
   <div class='ocr_carea' id='block_1_18' title="bbox 124 2758 1183 2854">
    <p class='ocr_par' dir='ltr' id='par_1_19' title="bbox 124 2758 1183 2854">
     <span class='ocr_line' id='line_1_27' title="bbox 124 2758 1183 2854; baseline -0.002 0"><span class='ocrx_word' id='word_1_211' title='bbox 124 2758 126 2762; x_wconf 57' lang='grc'><strong>’</strong></span> <span class='ocrx_word' id='word_1_212' title='bbox 162 2797 213 2854; x_wconf 78' lang='lat' dir='ltr'><strong>rv.</strong></span> <span class='ocrx_word' id='word_1_213' title='bbox 248 2795 523 2854; x_wconf 76' lang='lat' dir='ltr'><strong>rmemnrum</strong></span> <span class='ocrx_word' id='word_1_214' title='bbox 540 2796 660 2854; x_wconf 78' lang='lat' dir='ltr'><strong>umor.</strong></span> <span class='ocrx_word' id='word_1_215' title='bbox 681 2795 865 2854; x_wconf 78' lang='lat' dir='ltr'><strong>eruerem</strong></span> <span class='ocrx_word' id='word_1_216' title='bbox 882 2796 938 2852; x_wconf 78' lang='lat' dir='ltr'><strong>nn</strong></span> <span class='ocrx_word' id='word_1_217' title='bbox 957 2793 1183 2853; x_wconf 78' lang='lat' dir='ltr'><strong>cremonam</strong></span> 
     </span>
    </p>
   </div>
   <div class='ocr_carea' id='block_1_19' title="bbox 131 2897 1225 3039">
    <p class='ocr_par' dir='ltr' id='par_1_20' title="bbox 131 2897 1225 3039">
     <span class='ocr_line' id='line_1_28' title="bbox 191 2897 1225 2980; baseline -0.002 -24"><span class='ocrx_word' id='word_1_218' title='bbox 191 2899 306 2980; x_wconf 72' lang='lat' dir='ltr'><strong>Verrips</strong></span> <span class='ocrx_word' id='word_1_219' title='bbox 317 2898 443 2979; x_wconf 68' lang='lat' dir='ltr'><strong>Maccus,</strong></span> <span class='ocrx_word' id='word_1_220' title='bbox 455 2899 546 2980; x_wconf 87' lang='lat' dir='ltr'><strong>inquit</strong></span> <span class='ocrx_word' id='word_1_221' title='bbox 555 2900 678 2966; x_wconf 90' lang='lat' dir='ltr'><strong>Plinius,</strong></span> <span class='ocrx_word' id='word_1_222' title='bbox 695 2915 789 2955; x_wconf 89' lang='lat' dir='ltr'><strong>eorum</strong></span> <span class='ocrx_word' id='word_1_223' title='bbox 799 2899 953 2970; x_wconf 88' lang='lat' dir='ltr'><strong>nominum,</strong></span> <span class='ocrx_word' id='word_1_224' title='bbox 964 2914 1037 2970; x_wconf 85' lang='lat' dir='ltr'><strong>quae</strong></span> <span class='ocrx_word' id='word_1_225' title='bbox 1048 2915 1081 2953; x_wconf 84' lang='lat' dir='ltr'><strong>ss</strong></span> <span class='ocrx_word' id='word_1_226' title='bbox 1092 2897 1225 2954; x_wconf 87' lang='lat' dir='ltr'><strong>finiuntur</strong></span> 
     </span>
     <span class='ocr_line' id='line_1_29' title="bbox 131 2966 1223 3039; baseline 0 -17"><span class='ocrx_word' id='word_1_227' title='bbox 131 2985 198 3022; x_wconf 84' lang='lat' dir='ltr'><strong>casu</strong></span> <span class='ocrx_word' id='word_1_228' title='bbox 211 2971 392 3035; x_wconf 82' lang='lat' dir='ltr'><strong>nommatrro,</strong></span> <span class='ocrx_word' id='word_1_229' title='bbox 410 2966 546 3022; x_wconf 73' lang='lat' dir='ltr'><strong>ablativus</strong></span> <span class='ocrx_word' id='word_1_230' title='bbox 561 2967 591 3022; x_wconf 90' lang='lat' dir='ltr'><strong>in</strong></span> <span class='ocrx_word' id='word_1_231' title='bbox 602 2987 619 3022; x_wconf 81' lang='lat' dir='ltr'><strong>e</strong></span> <span class='ocrx_word' id='word_1_232' title='bbox 632 2967 792 3039; x_wconf 73' lang='lat' dir='ltr'><strong>dirigendus</strong></span> <span class='ocrx_word' id='word_1_233' title='bbox 804 2973 853 3022; x_wconf 85' lang='lat' dir='ltr'><strong>est.</strong></span> <span class='ocrx_word' id='word_1_234' title='bbox 889 2969 985 3039; x_wconf 87' lang='lat' dir='ltr'><strong>itaque</strong></span> <span class='ocrx_word' id='word_1_235' title='bbox 1002 2966 1106 3022; x_wconf 90' lang='lat' dir='ltr'><strong>Caesar</strong></span> <span class='ocrx_word' id='word_1_236' title='bbox 1122 2968 1223 3039; x_wconf 86' lang='lat' dir='ltr'><strong>epistu-</strong></span> 
     </span>
    </p>
   </div>
   <div class='ocr_carea' id='block_1_20' title="bbox 128 3039 1223 3202">
    <p class='ocr_par' dir='ltr' id='par_1_21' title="bbox 128 3039 1223 3202">
     <span class='ocr_line' id='line_1_30' title="bbox 128 3039 1223 3125; baseline 0.004 -26"><span class='ocrx_word' id='word_1_237' title='bbox 128 3046 218 3099; x_wconf 85' lang='lat' dir='ltr'><strong>larum</strong></span> <span class='ocrx_word' id='word_1_238' title='bbox 241 3044 278 3099; x_wconf 86' lang='lat' dir='ltr'><strong>ad</strong></span> <span class='ocrx_word' id='word_1_239' title='bbox 301 3041 462 3098; x_wconf 83' lang='lat' dir='ltr'><strong>Ciceronem</strong></span> <span class='ocrx_word' id='word_1_240' title='bbox 482 3061 586 3122; x_wconf 86' lang='lat' dir='ltr'><strong>neque</strong></span> <span class='ocrx_word' id='word_1_241' title='bbox 611 3043 702 3115; x_wconf 80' lang='lat' dir='ltr'><strong>inquit</strong></span> <span class='ocrx_word' id='word_1_242' title='bbox 726 3061 784 3125; x_wconf 91' lang='lat' dir='ltr'><strong>pro</strong></span> <span class='ocrx_word' id='word_1_243' title='bbox 817 3049 910 3104; x_wconf 78' lang='lat' dir='ltr'><strong>cauto</strong></span> <span class='ocrx_word' id='word_1_244' title='bbox 942 3060 980 3103; x_wconf 81' lang='lat' dir='ltr'><strong>ac</strong></span> <span class='ocrx_word' id='word_1_245' title='bbox 1011 3039 1162 3124; x_wconf 81' lang='lat' dir='ltr'><strong>diligente</strong></span> <span class='ocrx_word' id='word_1_246' title='bbox 1188 3060 1223 3103; x_wconf 76' lang='lat' dir='ltr'><strong>sc</strong></span> 
     </span>
     <span class='ocr_line' id='line_1_31' title="bbox 131 3123 791 3202; baseline -0.009 -12"><span class='ocrx_word' id='word_1_247' title='bbox 131 3126 242 3190; x_wconf 85' lang='lat' dir='ltr'><strong>castris</strong></span> <span class='ocrx_word' id='word_1_248' title='bbox 261 3123 425 3189; x_wconf 79' lang='lat' dir='ltr'><strong>continuit..</strong></span> <span class='ocrx_word' id='word_1_249' title='bbox 470 3126 644 3202; x_wconf 77' lang='lat' dir='ltr'><strong>Charisius</strong></span> <span class='ocrx_word' id='word_1_250' title='bbox 656 3129 681 3200; x_wconf 91' lang='lat' dir='ltr'><strong>I,</strong></span> <span class='ocrx_word' id='word_1_251' title='bbox 692 3129 736 3201; x_wconf 88' lang='lat'><strong>21,</strong></span> <span class='ocrx_word' id='word_1_252' title='bbox 749 3131 791 3186; x_wconf 86' lang='grc'><strong>66.</strong></span> 
     </span>
    </p>
   </div>
   <div class='ocr_carea' id='block_1_21' title="bbox 260 3287 1086 3348">
    <p class='ocr_par' dir='ltr' id='par_1_22' title="bbox 260 3287 1086 3348">
     <span class='ocr_line' id='line_1_32' title="bbox 260 3287 1086 3348; baseline 0 -2"><span class='ocrx_word' id='word_1_253' title='bbox 260 3290 295 3346; x_wconf 91' lang='lat' dir='ltr'><strong>V.</strong></span> <span class='ocrx_word' id='word_1_254' title='bbox 330 3289 386 3344; x_wconf 89' lang='lat' dir='ltr'><strong>AD</strong></span> <span class='ocrx_word' id='word_1_255' title='bbox 406 3287 609 3346; x_wconf 78' lang='lat' dir='ltr'><strong>CAESAREM</strong></span> <span class='ocrx_word' id='word_1_256' title='bbox 625 3289 817 3348; x_wconf 77' lang='lat' dir='ltr'><strong>IUMOREM</strong></span> <span class='ocrx_word' id='word_1_257' title='bbox 832 3289 953 3347; x_wconf 84' lang='lat' dir='ltr'><strong>EPIST.</strong></span> <span class='ocrx_word' id='word_1_258' title='bbox 970 3289 1044 3348; x_wconf 88' lang='lat' dir='ltr'><strong>LIB.</strong></span> <span class='ocrx_word' id='word_1_259' title='bbox 1062 3291 1086 3346; x_wconf 89' lang='lat'><strong>1.</strong></span> 
     </span>
    </p>
   </div>
   <div class='ocr_carea' id='block_1_22' title="bbox 90 3396 1222 3556">
    <p class='ocr_par' dir='ltr' id='par_1_23' title="bbox 90 3396 1222 3556">
     <span class='ocr_line' id='line_1_33' title="bbox 195 3396 1221 3470; baseline -0.001 -13"><span class='ocrx_word' id='word_1_260' title='bbox 195 3396 226 3460; x_wconf 94' lang='lat'><strong>1.</strong></span> <span class='ocrx_word' id='word_1_261' title='bbox 248 3401 354 3470; x_wconf 87' lang='lat' dir='ltr'><strong>aditus,</strong></span> <span class='ocrx_word' id='word_1_262' title='bbox 370 3401 512 3457; x_wconf 83' lang='lat' dir='ltr'><strong>adventus.</strong></span> <span class='ocrx_word' id='word_1_263' title='bbox 536 3401 574 3456; x_wconf 89' lang='lat' dir='ltr'><strong>M.</strong></span> <span class='ocrx_word' id='word_1_264' title='bbox 592 3401 701 3458; x_wconf 72' lang='lat' dir='ltr'><strong>&#39;Iullius</strong></span> <span class='ocrx_word' id='word_1_265' title='bbox 717 3402 754 3456; x_wconf 87' lang='lat' dir='ltr'><strong>ad</strong></span> <span class='ocrx_word' id='word_1_266' title='bbox 770 3399 918 3458; x_wconf 85' lang='lat' dir='ltr'><strong>Caesarem</strong></span> <span class='ocrx_word' id='word_1_267' title='bbox 931 3401 1066 3456; x_wconf 89' lang='lat' dir='ltr'><strong>iuniorem</strong></span> <span class='ocrx_word' id='word_1_268' title='bbox 1081 3401 1130 3456; x_wconf 89' lang='lat' dir='ltr'><strong>lib.</strong></span> <span class='ocrx_word' id='word_1_269' title='bbox 1147 3401 1175 3456; x_wconf 90' lang='lat' dir='ltr'><strong>I:</strong></span> <span class='ocrx_word' id='word_1_270' title='bbox 1191 3409 1221 3462; x_wconf 86' lang='lat' dir='ltr'><strong>et</strong></span> 
     </span>
     <span class='ocr_line' id='line_1_34' title="bbox 90 3479 1222 3556; baseline 0 -10"><span class='ocrx_word' id='word_1_271' title='bbox 90 3521 94 3530; x_wconf 55' lang='lat'>»</span> <span class='ocrx_word' id='word_1_272' title='bbox 131 3479 254 3546; x_wconf 87' lang='lat' dir='ltr'><strong>autad</strong></span> <span class='ocrx_word' id='word_1_273' title='bbox 280 3480 427 3546; x_wconf 89' lang='lat' dir='ltr'><strong>consules</strong></span> <span class='ocrx_word' id='word_1_274' title='bbox 454 3491 510 3546; x_wconf 89' lang='lat' dir='ltr'><strong>aut</strong></span> <span class='ocrx_word' id='word_1_275' title='bbox 536 3480 578 3546; x_wconf 88' lang='lat' dir='ltr'><strong>ad</strong></span> <span class='ocrx_word' id='word_1_276' title='bbox 605 3493 637 3546; x_wconf 91' lang='lat' dir='ltr'><strong>te</strong></span> <span class='ocrx_word' id='word_1_277' title='bbox 664 3492 720 3546; x_wconf 92' lang='lat' dir='ltr'><strong>aut</strong></span> <span class='ocrx_word' id='word_1_278' title='bbox 748 3482 790 3546; x_wconf 86' lang='lat' dir='ltr'><strong>ad</strong></span> <span class='ocrx_word' id='word_1_279' title='bbox 815 3483 955 3546; x_wconf 89' lang='lat' dir='ltr'><strong>Brutum</strong></span> <span class='ocrx_word' id='word_1_280' title='bbox 985 3479 1139 3556; x_wconf 87' lang='lat' dir='ltr'><strong>adissent,</strong></span> <span class='ocrx_word' id='word_1_281' title='bbox 1173 3481 1222 3546; x_wconf 92' lang='lat' dir='ltr'><strong>his</strong></span> 
     </span>
    </p>
   </div>
   <div class='ocr_carea' id='block_1_23' title="bbox 130 3565 1262 3650">
    <p class='ocr_par' dir='ltr' id='par_1_24' title="bbox 130 3565 1262 3650">
     <span class='ocr_line' id='line_1_35' title="bbox 130 3565 1262 3650; baseline -0.004 -20"><span class='ocrx_word' id='word_1_282' title='bbox 130 3565 236 3630; x_wconf 88' lang='lat' dir='ltr'><strong>fraudi</strong></span> <span class='ocrx_word' id='word_1_283' title='bbox 253 3587 294 3630; x_wconf 89' lang='lat' dir='ltr'><strong>ne</strong></span> <span class='ocrx_word' id='word_1_284' title='bbox 312 3577 405 3643; x_wconf 89' lang='lat' dir='ltr'><strong>esset,</strong></span> <span class='ocrx_word' id='word_1_285' title='bbox 424 3566 601 3650; x_wconf 91' lang='lat' dir='ltr'><strong>quodcum</strong></span> <span class='ocrx_word' id='word_1_286' title='bbox 617 3567 760 3632; x_wconf 86' lang='lat' dir='ltr'><strong>Antonio</strong></span> <span class='ocrx_word' id='word_1_287' title='bbox 777 3566 921 3632; x_wconf 80' lang='lat' dir='ltr'><strong>luissent.</strong></span> <span class='ocrx_word' id='word_1_288' title='bbox 952 3569 1081 3628; x_wconf 83' lang='lat' dir='ltr'><strong>Nonius</strong></span> <span class='ocrx_word' id='word_1_289' title='bbox 1093 3571 1222 3642; x_wconf 86' lang='lat' dir='ltr'><strong>p.238,2.</strong></span> <span class='ocrx_word' id='word_1_290' title='bbox 1259 3603 1262 3606; x_wconf 96' lang='lat'>-</span> 
     </span>
    </p>
   </div>
   <div class='ocr_carea' id='block_1_24' title="bbox 195 3649 1221 3736">
    <p class='ocr_par' dir='ltr' id='par_1_25' title="bbox 195 3649 1221 3736">
     <span class='ocr_line' id='line_1_36' title="bbox 195 3649 1221 3736; baseline 0.006 -28"><span class='ocrx_word' id='word_1_291' title='bbox 195 3651 226 3715; x_wconf 86' lang='lat'><strong>2.</strong></span> <span class='ocrx_word' id='word_1_292' title='bbox 248 3655 287 3708; x_wconf 88' lang='grc' dir='ltr'><strong>Μ.</strong></span> <span class='ocrx_word' id='word_1_293' title='bbox 301 3655 410 3710; x_wconf 81' lang='lat' dir='ltr'><strong>Tullius</strong></span> <span class='ocrx_word' id='word_1_294' title='bbox 425 3657 462 3711; x_wconf 88' lang='lat' dir='ltr'><strong>ad</strong></span> <span class='ocrx_word' id='word_1_295' title='bbox 475 3655 622 3713; x_wconf 81' lang='lat' dir='ltr'><strong>Caesarem</strong></span> <span class='ocrx_word' id='word_1_296' title='bbox 638 3657 772 3712; x_wconf 87' lang='lat' dir='ltr'><strong>iuniorem</strong></span> <span class='ocrx_word' id='word_1_297' title='bbox 786 3656 836 3712; x_wconf 89' lang='lat' dir='ltr'><strong>lib.</strong></span> <span class='ocrx_word' id='word_1_298' title='bbox 848 3656 876 3711; x_wconf 88' lang='lat' dir='ltr'><strong>I:</strong></span> <span class='ocrx_word' id='word_1_299' title='bbox 892 3669 972 3736; x_wconf 83' lang='lat' dir='ltr'><strong>roga</strong></span> <span class='ocrx_word' id='word_1_300' title='bbox 988 3649 1111 3735; x_wconf 88' lang='lat' dir='ltr'><strong>ipsum,</strong></span> <span class='ocrx_word' id='word_1_301' title='bbox 1130 3672 1221 3734; x_wconf 87' lang='lat' dir='ltr'><strong>quem</strong></span> 
     </span>
    </p>
   </div>
   <div class='ocr_carea' id='block_1_25' title="bbox 132 3736 1227 3891">
    <p class='ocr_par' dir='ltr' id='par_1_26' title="bbox 132 3736 1227 3891">
     <span class='ocr_line' id='line_1_37' title="bbox 132 3736 1227 3823; baseline -0.005 -23"><span class='ocrx_word' id='word_1_302' title='bbox 132 3736 174 3800; x_wconf 90' lang='lat' dir='ltr'><strong>ad</strong></span> <span class='ocrx_word' id='word_1_303' title='bbox 191 3736 323 3800; x_wconf 90' lang='lat' dir='ltr'><strong>modum</strong></span> <span class='ocrx_word' id='word_1_304' title='bbox 340 3757 401 3820; x_wconf 86' lang='lat' dir='ltr'><strong>ego</strong></span> <span class='ocrx_word' id='word_1_305' title='bbox 419 3759 493 3802; x_wconf 90' lang='lat' dir='ltr'><strong>eum</strong></span> <span class='ocrx_word' id='word_1_306' title='bbox 510 3736 649 3803; x_wconf 89' lang='lat' dir='ltr'><strong>Arimini</strong></span> <span class='ocrx_word' id='word_1_307' title='bbox 668 3737 853 3823; x_wconf 88' lang='lat' dir='ltr'><strong>acceperim.</strong></span> <span class='ocrx_word' id='word_1_308' title='bbox 893 3740 987 3795; x_wconf 87' lang='lat' dir='ltr'><strong>Idem</strong></span> <span class='ocrx_word' id='word_1_309' title='bbox 1002 3757 1028 3793; x_wconf 83' lang='lat' dir='ltr'><strong>r.</strong></span> <span class='ocrx_word' id='word_1_310' title='bbox 1051 3741 1178 3812; x_wconf 83' lang='lat' dir='ltr'><strong>accipere</strong></span> <span class='ocrx_word' id='word_1_311' title='bbox 1194 3758 1227 3812; x_wconf 88' lang='lat' dir='ltr'><strong>p.</strong></span> 
     </span>
     <span class='ocr_line' id='line_1_38' title="bbox 132 3816 964 3891; baseline -0.001 -19"><span class='ocrx_word' id='word_1_312' title='bbox 132 3819 192 3890; x_wconf 86' lang='grc'><strong>239,</strong></span> <span class='ocrx_word' id='word_1_313' title='bbox 204 3818 247 3875; x_wconf 83' lang='lat'><strong>22.</strong></span> <span class='ocrx_word' id='word_1_314' title='bbox 270 3835 296 3872; x_wconf 81' lang='lat' dir='ltr'><strong>v.</strong></span> <span class='ocrx_word' id='word_1_315' title='bbox 308 3834 407 3890; x_wconf 83' lang='lat' dir='ltr'><strong>rogare</strong></span> <span class='ocrx_word' id='word_1_316' title='bbox 418 3837 447 3890; x_wconf 94' lang='lat' dir='ltr'><strong>p.</strong></span> <span class='ocrx_word' id='word_1_317' title='bbox 460 3820 520 3890; x_wconf 88' lang='grc'><strong>383,</strong></span> <span class='ocrx_word' id='word_1_318' title='bbox 533 3820 558 3874; x_wconf 81' lang='grc'><strong>7.</strong></span> <span class='ocrx_word' id='word_1_319' title='bbox 583 3819 618 3875; x_wconf 86' lang='lat' dir='ltr'><strong>cf.</strong></span> <span class='ocrx_word' id='word_1_320' title='bbox 631 3819 752 3891; x_wconf 90' lang='lat' dir='ltr'><strong>Appian.</strong></span> <span class='ocrx_word' id='word_1_321' title='bbox 765 3819 799 3874; x_wconf 88' lang='lat' dir='ltr'><strong>B.</strong></span> <span class='ocrx_word' id='word_1_322' title='bbox 813 3816 842 3874; x_wconf 87' lang='lat' dir='ltr'><strong>C.</strong></span> <span class='ocrx_word' id='word_1_323' title='bbox 855 3817 909 3887; x_wconf 91' lang='grc' dir='ltr'><strong>ΙΠ,</strong></span> <span class='ocrx_word' id='word_1_324' title='bbox 920 3817 964 3872; x_wconf 83' lang='grc'><strong>46.</strong></span> 
     </span>
    </p>
   </div>
   <div class='ocr_carea' id='block_1_26' title="bbox 132 3889 1228 4137">
    <p class='ocr_par' dir='ltr' id='par_1_27' title="bbox 132 3889 1228 4137">
     <span class='ocr_line' id='line_1_39' title="bbox 197 3889 1222 3967; baseline -0.01 -11"><span class='ocrx_word' id='word_1_325' title='bbox 197 3891 227 3956; x_wconf 89' lang='grc'><strong>3.</strong></span> <span class='ocrx_word' id='word_1_326' title='bbox 251 3895 374 3951; x_wconf 84' lang='lat' dir='ltr'><strong>cunctari</strong></span> <span class='ocrx_word' id='word_1_327' title='bbox 394 3899 436 3950; x_wconf 86' lang='lat' dir='ltr'><strong>est</strong></span> <span class='ocrx_word' id='word_1_328' title='bbox 457 3895 601 3967; x_wconf 86' lang='lat' dir='ltr'><strong>dubitare,</strong></span> <span class='ocrx_word' id='word_1_329' title='bbox 621 3896 763 3966; x_wconf 84' lang='lat' dir='ltr'><strong>dissipare.</strong></span> <span class='ocrx_word' id='word_1_330' title='bbox 787 3926 822 3936; x_wconf 88' lang='lat'>-</span> <span class='ocrx_word' id='word_1_331' title='bbox 845 3894 883 3948; x_wconf 89' lang='lat' dir='ltr'><strong>M.</strong></span> <span class='ocrx_word' id='word_1_332' title='bbox 897 3891 1007 3948; x_wconf 81' lang='lat' dir='ltr'><strong>Tullius</strong></span> <span class='ocrx_word' id='word_1_333' title='bbox 1028 3891 1065 3946; x_wconf 88' lang='lat' dir='ltr'><strong>ad</strong></span> <span class='ocrx_word' id='word_1_334' title='bbox 1082 3889 1222 3947; x_wconf 84' lang='lat' dir='ltr'><strong>Caesarem</strong></span> 
     </span>
     <span class='ocr_line' id='line_1_40' title="bbox 132 3970 1224 4060; baseline -0.001 -24"><span class='ocrx_word' id='word_1_335' title='bbox 132 3981 267 4050; x_wconf 81' lang='lat' dir='ltr'><strong>iuniorem</strong></span> <span class='ocrx_word' id='word_1_336' title='bbox 287 3980 337 4035; x_wconf 87' lang='lat' dir='ltr'><strong>lib.</strong></span> <span class='ocrx_word' id='word_1_337' title='bbox 360 3980 388 4035; x_wconf 79' lang='lat' dir='ltr'><strong>Ir</strong></span> <span class='ocrx_word' id='word_1_338' title='bbox 412 3973 468 4040; x_wconf 90' lang='lat' dir='ltr'><strong>sed</strong></span> <span class='ocrx_word' id='word_1_339' title='bbox 494 3977 557 4042; x_wconf 86' lang='lat' dir='ltr'><strong>cito</strong></span> <span class='ocrx_word' id='word_1_340' title='bbox 586 3975 742 4060; x_wconf 89' lang='lat' dir='ltr'><strong>paenituit</strong></span> <span class='ocrx_word' id='word_1_341' title='bbox 768 3973 962 4056; x_wconf 86' lang='lat' dir='ltr'><strong>domumque</strong></span> <span class='ocrx_word' id='word_1_342' title='bbox 989 3970 1099 4048; x_wconf 88' lang='lat' dir='ltr'><strong>rediit,</strong></span> <span class='ocrx_word' id='word_1_343' title='bbox 1130 3971 1224 4037; x_wconf 86' lang='lat' dir='ltr'><strong>ceteri</strong></span> 
     </span>
     <span class='ocr_line' id='line_1_41' title="bbox 134 4062 1228 4137; baseline -0.017 -8"><span class='ocrx_word' id='word_1_344' title='bbox 134 4062 374 4130; x_wconf 86' lang='lat' dir='ltr'><strong>cunctabantur.</strong></span> <span class='ocrx_word' id='word_1_345' title='bbox 418 4067 510 4124; x_wconf 90' lang='lat' dir='ltr'><strong>Idem</strong></span> <span class='ocrx_word' id='word_1_346' title='bbox 521 4083 549 4137; x_wconf 89' lang='lat' dir='ltr'><strong>p.</strong></span> <span class='ocrx_word' id='word_1_347' title='bbox 567 4066 627 4136; x_wconf 86' lang='lat'><strong>252,</strong></span> <span class='ocrx_word' id='word_1_348' title='bbox 641 4065 682 4119; x_wconf 83' lang='grc'><strong>17.</strong></span> <span class='ocrx_word' id='word_1_349' title='bbox 1224 4066 1228 4074; x_wconf 76' lang='grc'><em>’</em></span> 
     </span>
    </p>
   </div>
   <div class='ocr_carea' id='block_1_27' title="bbox 1326 4070 1330 4145">
    <p class='ocr_par' dir='ltr' id='par_1_28' title="bbox 1326 4070 1330 4145">
     <span class='ocr_line' id='line_1_42' title="bbox 1326 4070 1330 4145; baseline 0 0"><span class='ocrx_word' id='word_1_350' title='bbox 1326 4070 1330 4145; x_wconf 88' lang='lat' dir='ltr'><strong>l</strong></span> 
     </span>
    </p>
   </div>
   <div class='ocr_carea' id='block_1_28' title="bbox 0 0 1356 4558">
    <p class='ocr_par' dir='ltr' id='par_1_29' title="bbox 0 0 1356 4558">
     <span class='ocr_line' id='line_1_43' title="bbox 0 0 1356 4558; baseline 0 0"><span class='ocrx_word' id='word_1_351' title='bbox 0 0 1356 4558; x_wconf 95' lang='lat' dir='ltr'><strong> </strong></span> 
     </span>
    </p>
   </div>
  </div>
 </body>
</html>
