2714 4554
121 2718 227 2779 Cicero
238 2727 275 2781 dc
289 2725 403 2780 disinst.
415 2725 440 2794 Ι,
452 2727 494 2782 15.
507 2725 605 2781 Arati
616 2724 763 2796 Prognost.
776 2742 802 2778 v.
815 2724 960 2779 322-324.

26 2819 27 2822 ’
174 2794 224 2860 69.
247 2801 602 2875 OieemiuPrognosticis:
895 2827 898 2832 ·

161 2961 168 2975 ·
196 2881 359 2978 caprigeni
377 2881 501 2967 pecoris
518 2893 625 2978 custos
645 2882 685 2946 de
703 2881 832 2967 gurgite
850 2893 950 2946 vesto.
1199 2962 1206 2976 .

121 2957 309 3019 Priscianus
331 2964 382 3035 VI,
394 2965 420 3035 1,
433 2966 458 3020 3.
499 2965 648 3086 §Patricius
671 2965 726 3020 hoc
747 2964 935 3051 fragmentum
958 2963 1045 3019 refert
1067 2964 1104 3018 ad
1126 2963 1208 3016 Arati

27 3049 35 3219 l

523 313 773 370 FRAGMENTA.
1128 299 1194 363 101

185 449 232 504 ast
250 449 360 504 autem
378 436 466 503 tenui
484 459 567 520 quae
586 436 700 502 candet
717 437 836 501 lumine
853 437 989 503 Phatne.

111 522 296 577 Priscianus
310 521 390 592 XVI,
403 520 429 590 2,
443 521 484 576 16.
497 519 608 590 XVIII,
620 519 664 588 21,
677 519 737 573 172.
749 520 847 574 Arati
859 519 1004 592 Prognost.
1018 538 1043 575 v.
1057 521 1116 575 160.

164 593 213 658 63.
235 599 334 653 mirari
345 599 412 654 ficet
423 613 494 668 quoe
506 598 562 652 sint
573 597 765 652 animadversa
773 613 790 651 e
798 597 914 651 medicis
925 597 1073 653 herbsmm
1085 612 1198 668 genera,

111 691 172 745 quse
185 676 312 730 radIcum
325 676 363 730 ad
378 691 484 732 morsus
499 674 665 743 bestiarum,
682 675 718 730 ad
730 673 870 730 oculorum
886 675 1008 744 morbos,
1025 675 1060 728 ed
1076 674 1199 746 volnera,

111 759 212 814 quorum
227 745 286 798 rim
302 749 388 814 atque
404 748 533 798 naturam
546 743 619 798 ratio
634 758 783 812 numquam
800 743 959 813 explicavit,
975 744 1097 799 utilitate
1110 748 1139 797 et
1153 759 1198 796 ers

110 816 182 894 estet
191 811 321 894 inventor
332 813 473 893 probatus.
495 827 549 894 age
562 827 604 881 ca,
617 827 783 882 quamquem
795 827 828 865 ex
840 811 895 866 alio
907 827 1008 884 genere
1022 818 1093 883 suut,
1105 816 1200 867 tamen

110 879 261 935 drunatroni
274 880 661 948 suntsrmiliore‚v1deamus:

185 963 282 1034 etque
301 953 400 1018 etiam
416 962 529 1017 ventos
546 985 581 999 ·-
599 952 801 1035 scopulorum
821 973 916 1036 saepe
933 953 1091 1037 repulsus.

109 1033 345 1156 tttcltttftt
357 1033 661 1158 27661ἕὲ7ὣὲ2Ρὶ0
662 1033 963 1170 tttittlttltt
973 1039 1046 1157 ff.
1053 1033 1202 1157 ..litu

108 1170 218 1225 vinantis
235 1142 300 1226 esse'
316 1144 440 1239 dicebas,
455 1119 618 1226 veutogsnaut
631 1143 728 1224 imbris
744 1143 922 1240 inpendentis
938 1120 1104 1252 qmbmAm
1120 1184 1200 1241 prae-

110 1239 201 1294 sentire
212 1239 304 1311 signis
314 1271 352 1282 -
361 1239 391 1294 in
405 1256 459 1310 quo
470 1244 565 1294 nostra
576 1241 714 1309 quaedem
727 1239 833 1292 Aratea
843 1242 1001 1293 memonter
1013 1256 1031 1293 a
1041 1243 1070 1294 te
1082 1256 1201 1310 pronun-

108 1307 171 1362 tiate
181 1313 245 1362 sunt
254 1339 301 1376 -·‚
314 1307 369 1363 etsi
379 1308 451 1363 baec
461 1308 525 1378 ipsa
535 1307 650 1362 fortuita
662 1312 738 1377 sunt,
751 1307 914 1377 plerumque
926 1307 1013 1376 enim,
1026 1325 1080 1362 nou
1093 1322 1202 1376 semper

110 1375 236 1431 eveniunt.
257 1374 378 1443 Cicero
395 1377 430 1432 de
443 1377 556 1431 divinat.
569 1376 608 1442 Π,
621 1375 663 1429 14.
699 1380 728 1430 et
740 1391 772 1430 eo
785 1375 897 1444 quidem
907 1374 968 1429 loco
980 1379 1010 1428 et
1020 1374 1203 1445 Prognostica

109 1449 194 1526 nostra
204 1444 407 1517 pronuntiabas
417 1448 447 1500 et
456 1461 561 1516 genere
571 1444 728 1511 herbarum,
738 1443 935 1498 scammoniam
944 1443 1203 1513 aristolochiamque

109 1513 373 1636 ifflffl'tqffiss
386 1530 497 1568 causam
512 1513 668 1586 ignorares,
683 1512 739 1568 vim
753 1517 781 1568 et
793 1511 922 1568 effectum
932 1511 1050 1568 rideres.
1086 1509 1204 1566 Cicero

128 1596 141 1636 e
179 1598 263 1636 rma.
310 1623 318 1652 ‚
367 1623 374 1636 .

167 1651 216 1718 64.
238 1660 291 1715 illa
302 1676 369 1714 vero
381 1677 431 1714 cur
443 1660 571 1714 eveniant
582 1659 644 1728 quis
656 1659 839 1730 probabiliter
850 1657 970 1714 dixerit?
1046 1708 1049 1715 .

188 1761 268 1804 cana
285 1739 371 1804 fulix
387 1738 498 1804 itidem
516 1763 586 1813 --e
628 1750 733 1805 utture
752 1750 875 1804 cantus.

114 1817 221 1876 CIcero
233 1823 269 1877 (le
282 1821 400 1876 divinat.
414 1822 492 1892 1,14.
505 1822 602 1877 Arati
638 1826 760 1893 rognost.
772 1839 798 1876 v.
812 1822 960 1878 183-185.

168 1890 217 1957 65.
238 1898 369 1954 videmus
380 1899 451 1954 haec
463 1899 544 1970 sIgna
559 1915 708 1968 numquam
724 1897 784 1953 fere
796 1899 970 1968 mentientia,
987 1915 1038 1953 nec
1050 1902 1143 1952 temen
1155 1911 1205 1950 cur

113 1971 148 2026 ita
158 1971 206 2028 fist
214 1974 354 2031 videmus.

139 2124 146 2138 θ
188 2066 245 2111 vos
264 2067 398 2131 quoquc
415 2046 509 2132 signa
525 2081 560 2093 --
577 2045 674 2110 fontis
693 2058 724 2111 ct
743 2058 857 2132 stagna
875 2046 975 2112 cietis.
1034 2127 1041 2141 .
1151 2125 1157 2139 ι

117 2123 221 2184 Croeso
234 2129 270 2183 de
283 2127 400 2183 divinat.
413 2129 437 2198 1,
451 2130 492 2184 15.
509 2128 609 2184 Arati
620 2127 767 2200 Prognost.
779 2147 805 2184 v.
818 2130 965 2184 216-218.
978 2128 1107 2199 equrdcm
1119 2130 1205 2181 elram

116 2193 212 2262 pluries
222 2201 334 2266 metuo,
351 2197 375 2251 si
385 2196 442 2251 Pro
482 2197 570 2251 ostica
580 2201 674 2252 nostra
684 2212 751 2254 vera
763 2203 839 2268 suntq
854 2214 940 2253 ranae
956 2198 1030 2253 enim
1041 2195 1206 2272 ῥητορεύου-

117 2283 161 2318 σιν.
196 2261 317 2322 Cicero
329 2265 366 2319 ad
377 2264 436 2319 Att.
479 2265 516 2335 V,
529 2265 571 2320 16.
582 2266 609 2320 b.

172 2333 221 2400 66.
244 2358 302 2402 sae
327 2336 458 2402 eetiam
470 2337 623 2473 fertriste
641 2373 679 2384 ··
696 2335 830 2402 fluctum
848 2337 971 2402 cervice
990 2336 1119 2420 recepit.

119 2412 226 2473 Cicero
238 2419 275 2474 de
309 2418 404 2472 rvinet.
417 2419 441 2487 Ι,
453 2420 468 2473 1
490 2460 495 2471 .
508 2419 608 2473 Arati
618 2419 765 2490 Prognost.
778 2437 804 2472 v.
817 2419 962 2472 219-224.

142 2568 148 2582 ι
173 2488 222 2553 67.
246 2489 497 2585 mollipedesque
516 2491 615 2554 boves
634 2512 726 2553 --ex
745 2495 817 2554 aere
836 2510 958 2553 sucum.

119 2567 225 2632 Cicero
237 2571 273 2627 de
286 2573 400 2626 dsvrnat.
413 2571 438 2643 1,
450 2572 491 2628 15.
505 2572 605 2626 Arati
616 2572 763 2642 Prognost.
776 2589 802 2625 v.
814 2571 874 2626 225.
886 2571 947 2624 226.

174 2641 224 2706 68.
246 2643 313 2708 iam
331 2664 407 2708 vero
425 2664 551 2728 semper
569 2677 607 2690 ·-
624 2653 768 2726 tempora
785 2652 941 2706 monstrat
958 2641 1078 2706 arandi.

121 3025 255 3112 Prognost.
268 3049 296 3086 v.
310 3031 374 3087 370:
395 3041 484 3106 χαίρει

518 3039 533 3088 ἐ
548 3053 603 3088 που
621 3033 737 3089 αἰπόλος
753 3031 824 3106 ἄνῃρ
836 3031 931 3088 αὐταῖς
944 3031 1119 3102 ὀρνίθεσσιν,
1138 3031 1209 3096 ἐπὴν

123 3116 183 3150 κατα
193 3105 297 3170 μέτρον
309 3099 411 3172 ἴωσιν.)

459 3252 581 3308 ARATI
597 3253 867 3309 PHAENOMENA

286 3329 314 3384 A
341 3326 529 3386 CICERONI]
554 3330 597 3386 IN
622 3329 803 3386 LATINUM
829 3327 1032 3385 OONVERSA

383 3402 464 3462 CUM
482 3403 618 3464 GROTII
636 3405 939 3464 SUPPLEMENTIS.

177 3506 301 3589 (Litteris
313 3507 434 3590 obliquis
447 3509 630 3590 expressimus
643 3507 734 3564 Grotii
745 3509 947 3630 supfflementa.
976 3507 1151 3564 eonferenda
1162 3526 1208 3564 au·

125 3574 172 3627 ten
183 3579 223 3630 est
233 3574 375 3632 Grceroms
387 3577 473 3630 editio
486 3576 626 3632 Orelltann
637 3577 726 3632 altera
735 3577 789 3631 rol.
818 3577 853 3632 V.
867 3595 895 3648 p.
909 3578 976 3633 1017
989 3581 1060 3648 sqq.)

242 3665 275 3730 A
293 3665 372 3731 Iove
389 3665 557 3730 Musarum
575 3666 762 3752 primordia:
781 3670 946 3750 comperio
965 3689 1015 3730 ore

194 3751 349 3836 plurimus
366 3752 419 3816 tle
435 3751 590 3818 lominum
608 3765 659 3828 est,
679 3754 732 3838 qui
750 3753 882 3837 compito
899 3754 1022 3814 numine
1038 3771 1149 3834 moqno

201 3838 418 3923 conciliumque
433 3838 533 3902 virum
550 3837 677 3923 complet
689 3839 877 3924 peloqcsqce
889 3835 1081 3922 profundum

202 3931 230 3985 ct
240 3922 349 4008 pelaqi
363 3934 480 4009 portos.
500 3922 642 4008 fmcimur
657 3923 730 3988 Iove
747 3934 776 3988 et
792 3924 907 3986 utimm
923 3941 1040 3992 omncs,-

203 4008 911 4180 gigremrfflgrio'twssgjniiicwgniaAmice
928 4099 1029 4175 orqel,⁴
1181 4018 1213 4100 [ὁ
