2674 4558
104 275 110 280 -
144 242 188 308 20
285 209 286 213 Ν
489 255 528 309 n.
547 253 683 311 runnu
701 250 901 310 cressonis

143 375 221 430 tione
230 375 396 431 narrationis
408 372 512 446 {incipit
522 405 558 415 -
569 380 617 429 aut
629 379 703 428 certe
715 390 768 428 nec
779 372 901 427 narratio
914 387 973 426 esse
987 371 1084 444 debet,
1102 375 1152 430 sed
1169 380 1225 430 aut
1239 393 1259 430 a

143 443 208 517 lege
221 449 270 499 aut
281 445 316 499 ab
329 444 423 515 aliquo
435 441 591 498 firmissimo
604 447 767 514 argumento
779 441 910 496 inchoare
924 441 1008 496 debet
1020 447 1120 512 orator,
1133 443 1210 499 sicut
1223 444 1259 498 in

144 519 322 576 Corneliana:
340 515 426 580 unde
447 514 546 599 igitur
563 514 688 578 ordiar?
706 537 746 578 an
766 513 807 578 ab
825 513 894 598 ipsa
911 511 1003 598 lege?
1020 517 1065 572 ib.
1077 519 1137 590 604,
1151 521 1177 574 9.

210 600 260 664 18.
285 604 388 676 Scipio,
400 603 495 676 -qui
510 605 661 676 productus
675 621 692 658 a
708 604 819 659 tribuno
836 601 928 674 plebis
941 619 988 658 eos
1000 601 1164 673 (Gracchos)
1178 605 1257 660 dixit

143 681 204 736 iure
217 699 312 737 caesos
322 682 425 751 videri,
443 682 538 736 favore
553 679 708 736 nobilitatis
724 681 777 736 hoc
788 680 869 749 fecit,
885 679 952 750 quia
965 684 993 735 ct
1008 680 1070 751 ipse
1083 697 1117 735 ex
1129 681 1255 752 optima·

143 758 219 812 tibus
231 763 299 829 crat,
311 777 367 814 non
378 759 450 814 sicut
460 758 491 812 in
504 756 674 814 Cornelianis
686 758 808 812 Tullius:
832 751 885 818 hic
902 772 972 816 mos
990 752 1056 816 lam
1070 754 1157 837 apud
1176 753 1254 818 illos

145 839 294 976 gpssticppos
313 852 344 905 et
365 839 517 904 barbatos
535 838 611 915 fuit,
634 849 671 902 ut
692 848 959 923 persequerentur
976 838 1156 924 populares.
1202 845 1252 900 ib.

198 960 261 1056 ²l9i
286 1014 320 1053 ex
334 997 474 1055 Valerio
486 997 598 1052 Probo
616 999 651 1052 de
668 1014 741 1052 nom.
759 997 834 1067 apud
848 995 975 1050 Endlich.
989 997 1048 1051 221.
1068 994 1125 1052 Cic.
1139 1014 1178 1051 or.
1191 997 1253 1052 2da

144 1098 195 1153 pro
209 1081 348 1139 Cornelio:
373 1101 472 1163 quare
490 1078 653 1142 hominem
670 1077 848 1163 inpugnare
866 1099 931 1141 non
949 1077 1099 1142 desinunt
1116 1077 1177 1142 nisi
1196 1099 1252 1142 re·

144 1163 239 1227 motis
256 1163 534 1230 ministratoribus.

144 1345 224 1404 VIII.
251 1347 459 1406 ORATIONIS
478 1349 521 1406 IN
539 1347 694 1406 SENATU
709 1347 752 1404 IN
770 1345 878 1403 TOCA
895 1344 1072 1404 CANDIDA
1089 1347 1250 1406 CONTRA

226 1429 257 1488 C.
276 1433 486 1492 ANTONIUM
502 1433 553 1488 ET
571 1434 605 1487 L.
625 1431 846 1488 CATILINAM
864 1429 1165 1490 COMPETITORES.

438 1522 641 1564 aucuunrruu
655 1522 682 1571 Q·
696 1521 820 1562 sscoun
831 1521 958 1563 rnorem.

197 1607 251 1658 See
268 1609 444 1674 competitores
461 1607 489 1658 in
506 1606 657 1658 consulatus
670 1604 793 1674 petitione
810 1605 901 1658 Cicero
913 1606 1012 1672 iahad,
1030 1607 1094 1658 daos
1106 1607 1248 1676 patricios,

144 1673 176 1726 P.
190 1674 336 1742 Sulpicium
350 1675 476 1740 Galbam,
494 1675 521 1726 L.
535 1674 656 1742 Serpinm
670 1674 810 1726 Catilinam
815 1693 825 1738 ‚·
836 1683 961 1743 quattuor
968 1676 1097 1744 plebeios,
1109 1693 1141 1728 en
1169 1676 1248 1729 uibus

143 1742 195 1792 dno
207 1743 311 1810 nobiles,
334 1744 363 1796 C.
376 1744 530 1805 Antonium,
548 1743 588 1795 M.
601 1742 711 1794 Antonii
726 1743 841 1794 oratoris
856 1743 954 1812 filiam,
968 1744 1000 1796 L.
1015 1743 1135 1798 Cassiam
1147 1693 1246 1813 Conpi-

144 1825 222 1874 ωιτη,-
234 1811 307 1878 dnos,
320 1812 366 1881 qni
377 1819 476 1864 tantam
488 1827 541 1862 non
549 1811 634 1878 primi
640 1827 671 1862 ea
682 1809 792 1876 familiis
800 1811 855 1863 sais
866 1812 1048 1880 magistratum
1061 1814 1149 1880 adepti
1159 1823 1245 1878 erant,
1330 1865 1331 1874 ,

147 1878 177 1938 Q.
192 1879 361 1950 Cornificiam
374 1889 398 1933 et
412 1881 440 1934 C.
453 1879 583 1932 Liciniam
595 1880 770 1932 Sacerdotem.
806 1882 877 1932 so'lns
891 1881 1247 1948 Ciceroeacompetitoribns

144 1949 257 2015 equestri
267 1957 324 2001 erat
337 1950 394 2002 loco
406 1957 496 2014 natas,
515 1956 592 2017 arque
602 1947 630 2000 in
638 1947 762 2014 petitione
798 1958 879 2001 atrem
892 1950 984 2001 ambit.
1020 1950 1099 2001 ceteri
1108 1949 1162 2002 eius
1174 1965 1245 2002 com·

139 2016 264 2084 petitores
276 2018 389 2070 modeste
404 2034 432 2069 se
445 2032 560 2084 pessare,
577 2016 675 2086 nisique
690 2025 750 2069 sant
765 1965 796 2078 C
810 2017 966 2088 Cornificius
977 2024 1001 2069 et
1012 2017 1045 2070 P.
1060 2017 1148 2071 Calda
1163 2017 1248 2070 sobrii

144 2085 354 2150 concoctioni,
378 2085 509 2138 Sacerdos
526 2085 601 2136 nulla
617 2085 780 2152 improbitate
796 2095 888 2151 notas;
911 2085 1040 2152 Cassium,
1064 2086 1109 2155 pai
1124 2087 1194 2138 iners
1210 2103 1244 2139 ac

142 2151 251 2202 stolidus
264 2161 317 2204 tam
328 2154 411 2221 mapr's
420 2169 499 2222 qaam
510 2153 642 2221 improbas
650 2154 785 2220 videram,
795 2163 856 2222 post
864 2171 966 2222 pancos
976 2169 1074 2206 menses
1083 2155 1111 2205 in
1121 2155 1245 2207 coniura-

143 2219 212 2271 tione
237 2220 365 2274 Catilinae
388 2237 442 2274 csse
466 2223 601 2290 apparuit,
631 2239 664 2275 ac
687 2223 926 2276 cruentissimcrum
949 2221 1133 2274 sententiarum
1161 2220 1244 2290 fnisse
1331 2267 1332 2270 ,

143 2297 289 2342 auctorem:
306 2291 392 2359 itaque
403 2291 563 2360 liquatuor
577 2307 627 2358 pro
640 2308 669 2344 re
681 2291 807 2344 iacebant.
846 2290 960 2344 Catilina
972 2298 1057 2342 auten
1070 2300 1093 2343 et
1105 2291 1242 2358 Antonias,

142 2372 299 2426 quamquam
311 2359 430 2410 omnibns
441 2360 552 2411 masinae
568 2357 676 2426 infamis
688 2376 776 2412 eoram
791 2359 843 2411 vita
859 2367 936 2425 esset,
955 2366 1040 2411 tamen
1052 2361 1160 2412 maltam
1171 2369 1242 2428 pote·
1331 2375 1332 2426 ξ

142 2433 213 2477 rant.
249 2426 365 2479 coierant
376 2428 443 2480 enim
455 2428 542 2494 amba,
559 2436 587 2479 nt
601 2428 750 2480 Ciceronem
762 2428 898 2481 consulatu
915 2427 1064 2496 deicerent,
1082 2429 1241 2481 adiutoribus
1331 2427 1332 2490 ἶ

142 2493 185 2545 nsi
196 2495 366 2564 firmissimis,
383 2497 423 2549 M.
439 2497 536 2550 Crasso
552 2504 575 2550 et
590 2497 617 2550 C.
633 2497 754 2550 Caesare.
789 2497 879 2572 itaque¹
891 2497 955 2550 llaec
967 2498 1050 2550 oratio
1063 2506 1155 2551 contra
1171 2498 1241 2549 solos

144 2562 284 2615 Catilinam
296 2572 319 2615 et
331 2564 473 2617 Antoniam
486 2575 529 2618 est.
560 2582 642 2618 cansa
659 2565 785 2618 orationis
801 2566 875 2618 luins
887 2564 994 2618 modiin
1006 2574 1099 2618 senata
1110 2565 1240 2618 habendae

144 2630 265 2683 Ciceroni
273 2629 336 2698 snit,
353 2635 433 2702 qnod,
452 2634 549 2686 cumin
562 2635 614 2686 dies
627 2635 731 2686 licentia
743 2633 852 2686 ambitus
864 2641 1003 2700 caperetur
1012 2641 1122 2704 propter
1135 2635 1239 2700 praeci·
1330 2695 1332 2698 ¹

137 2713 220 2766 pacm
238 2699 367 2753 Catilinae
383 2710 407 2754 et
423 2701 534 2754 Antonii
547 2703 697 2767 audaciora,
722 2709 857 2754 censuerat
878 2709 996 2764 senatus,
1019 2708 1048 2751 nt
1069 2703 1111 2752 len
1130 2701 1240 2754 ambitus
1331 2751 1332 2764 ζ

141 2775 219 2818 aucta
235 2767 311 2820 etiam
328 2785 386 2821 cam
397 2786 487 2838 poena
503 2769 632 2836 senetur,-
655 2771 728 2838 eique
744 2769 785 2820 rei
801 2769 831 2829 Q.
843 2767 949 2821 Macies
962 2767 1098 2820 Orestinus
1121 2769 1238 2822 tribanus

138 2835 177 2902 pl.
190 2835 377 2889 intercesserat.
414 2847 468 2890 tam
482 2838 585 2902 Cicero,
600 2841 716 2906 praviter
731 2845 824 2889 senata
836 2835 1044 2888 intercessionem
1055 2835 1168 2905 ferente,
1180 2855 1237 2891 sar·

141 2903 220 2983 rexit,
238 2913 315 2974 atque
330 2905 357 2958 in
374 2907 509 2959 coitionem
528 2906 656 2958 Catilinae
673 2915 696 2958 et
712 2904 823 2957 Antonii
837 2905 949 2957 invectas
965 2912 1002 2958 est
1019 2914 1078 2958 ante
1095 2906 1148 2959 dies
1161 2908 1237 2960 comi·

122 3031 126 3035 ,
141 2979 235 3025 trorum
243 2991 354 3042 pancos.
854 2980 857 2986 '

551 3090 825 3158 ENARRATlO.

206 3199 235 3262 1.
259 3197 345 3274 dico,
368 3207 476 3282 patres
494 3197 679 3282 conscripti,
702 3197 863 3283 superiore
881 3210 975 3265 nocte
993 3199 1161 3265 cuiusdam
1177 3200 1233 3266 ho·

139 3282 233 3347 minis
260 3284 374 3348 nobilis
401 3293 433 3348 et
459 3283 552 3348 valde
584 3284 616 3347 in
647 3283 708 3349 hoc
739 3283 915 3369 largitionis
942 3297 1079 3370 quaestu
1111 3287 1179 3350 noti
1205 3297 1235 3352 et

140 3369 258 3468 cogniti
285 3369 418 3470 domum
445 3366 620 3433 Catilinam
650 3380 682 3436 et
709 3369 888 3434 Antonium
915 3392 988 3436 cum
1015 3370 1231 3456 sequestribus
1331 3403 1332 3424 .

139 3476 204 3520 surs
223 3476 419 3520 convcmsse.
487 3520 492 3534 ,

241 3564 286 3608 ant
300 3554 328 3609 C.
344 3554 465 3609 Caesaris
481 3563 527 3607 cat
538 3555 576 3608 M.
594 3555 685 3610 Crassi
702 3551 830 3624 [domam]
847 3558 991 3628 siqnificat:
1008 3558 1099 3612 etenim
1116 3557 1236 3610 acerrimi
1330 3585 1332 3594 r

190 3641 223 3677 ac
234 3623 408 3693 potentissimi
421 3621 529 3691 fuerunt
546 3624 678 3678 Ciceronis
693 3625 885 3696 relinqueres,
903 3644 960 3680 cnm
972 3627 1047 3696 petiit
1064 3628 1233 3692 consulatum,
1331 3679 1332 3686 ,

190 3694 260 3774 qaod
274 3693 329 3744 eius
344 3693 371 3744 in
388 3693 441 3744 dies
457 3692 556 3745 civilem
573 3709 689 3747 creseere
709 3695 859 3764 dipnitatem
875 3695 1113 3748 animadvertebant
1117 3713 1129 3761 ;
1152 3703 1175 3747 et
1189 3695 1234 3746 loc
1330 3695 1332 3702 “

189 3761 341 3843 rpseCicerc
349 3761 377 3812 in
389 3761 547 3829 expositione
555 3762 979 3835 coasilioramsnornmsipnificct.
1004 3763 1165 3833 einsqnoqne
1176 3779 1234 3815 con·

189 3829 339 3897 iurationis,
374 3846 423 3882 nae
441 3831 517 3883 Cotta
533 3838 556 3882 et
569 3832 703 3900 Torquato
720 3833 868 3886 consulibrts
885 3841 1069 3898 antemnam,
1086 3849 1164 3902 quam
1176 3832 1234 3884 iaec

188 3900 341 4034 allicerentur,
354 3846 429 3964 laeta
441 3907 478 3952 est
490 3915 507 3952 a
521 3897 636 3952 Catilina
648 3909 672 3952 et
689 3901 797 3968 Hrone,
810 3902 897 3969 arpait
909 3901 948 3954 M.
964 3901 1089 3954 Crassum
1105 3907 1233 3952 auctorem

204 3983 279 4020 ronse.

202 4055 231 4118 2.
256 4075 352 4138 quem
367 4054 452 4122 enim
471 4065 526 4122 aut
544 4056 683 4124 amicum
702 4056 821 4122 habere
839 4065 944 4142 potest
960 4055 998 4132 is,
1017 4054 1071 4139 qui
1089 4064 1136 4120 tot
1151 4052 1232 4120 cives

1235 4329 1237 4346 Ι

1226 4373 1327 4496 ἐι

1218 4457 1224 4497 r
