2674 4558
509 238 760 296 emesenum.
1144 221 1185 289 13
1239 261 1242 267 -

181 365 268 435 paulo
281 371 352 432 post.
383 359 550 428 manifestam
562 369 599 414 est
611 363 641 415 de
653 378 685 415 eo
701 363 756 428 leqe
770 361 919 414 Ciceronem
935 376 1005 414 nunc
1017 360 1115 426 dicere,
1133 375 1186 481 qua

130 437 182 490 On.
195 432 322 501 Pompeio
341 432 434 484 bellum
450 431 574 482 aduersus
586 431 692 498 piratas
708 433 796 482 danem
813 439 858 482 est.
894 431 926 484 L.
940 437 1026 482 cutem
1041 429 1134 482 Ttebel
1145 428 1186 480 ius

128 513 171 556 est
188 499 419 582 tribunusplebis,
443 513 519 568 quem
534 515 588 550 non
605 499 738 564 nominot;
750 517 810 568 equo
829 507 1014 566 perseverante
1029 498 1187 550 intercedere

128 573 209 638 (num
225 579 330 622 senatus
344 568 502 636 promiserat
517 567 672 620 moriturum
683 585 711 620 se
723 577 783 620 onte
793 584 872 638 quum
885 567 934 619 illa
945 568 987 619 lere
999 565 1185 636 perferretur),

130 641 206 692 intro
219 655 315 692 vocare
326 637 408 690 tribus
422 636 550 690 Gabinius
562 637 655 704 coepit,
668 645 696 688 ut
708 636 835 689 Trebellio
847 635 1028 703 maqistrutum
1040 635 1186 702 ubrcqaret,

127 711 201 761 sicut
213 709 346 778 quondam
359 705 399 758 Ti.
414 705 549 758 Graecbus
561 705 678 757 tribunus
690 705 729 758 M.
744 705 849 758 Octavio
862 706 977 772 calleque
988 720 1035 755 suo
1048 704 1186 770 muqistra-

131 787 190 830 tum
207 776 359 844 ubroqouit;
375 783 398 826 et
414 773 577 844 aliquamdiu
593 773 736 826 Trebellius
752 791 783 826 ea
799 790 829 826 re
844 790 897 825 non
913 773 1070 841 perterritus
1087 771 1187 836 aderat,

126 845 320 916 perstabatque
331 845 359 896 in
373 843 568 908 intercessione,
586 843 656 912 quod
665 842 765 894 minari
779 843 861 910 maqis
872 857 950 912 mam
961 849 1187 910 perseveraturum

131 931 192 966 esse
206 912 349 967 Gabinium
365 909 544 964 arbitrabatur
549 928 561 975 ‚·
575 912 621 964 sed
632 918 772 980 postquam
791 910 847 964 VII
855 919 878 963 et
890 910 920 962 X
927 911 1008 963 tribus
1025 910 1184 978 roqotionem

131 991 306 1050 acceperunt,
324 989 348 1032 et
368 981 454 1046 †uaa
470 995 542 1030 mens
562 989 626 1031 esset
646 988 675 1031 ut
691 981 766 1031 modo
782 989 888 1047 superat
900 979 997 1048 populi
1009 980 1107 1031 iussum
1124 994 1186 1030 con·

132 1052 240 1116 ficeret,
257 1049 355 1102 remisit
369 1047 578 1100 intercessionem
595 1049 749 1116 Trebellius,
767 1057 843 1117 atque
858 1049 896 1101 ita
912 1049 992 1116 leqem
1011 1046 1140 1102 Gabinius
1156 1047 1188 1099 de

129 1118 234 1189 piratis
242 1117 428 1188 persequendis
437 1117 553 1185 pertulit.
1019 1123 1022 1128 '

149 1197 204 1264 lb.
230 1208 263 1262 at
280 1197 366 1262 enim
383 1197 425 1261 do
443 1195 632 1280 corrigenda
649 1195 721 1280 lege
739 1196 924 1260 retulerunt.

190 1290 303 1343 dicimus
318 1291 372 1342 iarn
387 1289 415 1342 in
427 1289 571 1358 principio,
586 1288 735 1342 Cornelium
749 1289 835 1356 primo
852 1289 933 1356 leqem
946 1289 1139 1356 promulqosse,
1156 1304 1189 1339 ne

134 1359 197 1430 quis
204 1375 257 1428 per
267 1367 386 1411 senatum
398 1359 496 1426 leqibus
506 1359 657 1424 solveretur,
665 1357 777 1426 (deinde)
784 1358 879 1423 tulisse,
891 1365 920 1408 ut
932 1365 985 1410 tum
997 1357 1105 1426 denique
1117 1357 1148 1408 de
1157 1373 1189 1408 ea

135 1446 169 1482 re
179 1429 433 1482 senatusconsultum
447 1428 534 1497 fieret,
551 1443 610 1478 curn
622 1427 741 1479 adessent
757 1427 784 1478 in
796 1434 887 1478 sumtu
899 1443 953 1477 non
965 1426 1049 1477 minus
1062 1425 1114 1478 CC.
1127 1426 1189 1477 baec

136 1499 247 1562 ascilla,
260 1513 338 1566 quom
351 1497 475 1564 appellat,
489 1495 623 1548 correctio.
1094 1497 1097 1502 '

151 1575 207 1641 16.
230 1575 343 1651 iidem,
370 1574 431 1639 nisi
452 1573 533 1638 haec
558 1575 628 1658 ipsa
646 1575 712 1648 lex,
735 1595 834 1656 quam
857 1571 896 1638 Ο.
916 1571 1085 1638 Cornelius
1108 1570 1191 1647 tulit,

82 1663 282 1738 obstitisset,
309 1661 524 1726 decrevissent
540 1659 588 1735 id,
616 1660 703 1743 quod
725 1660 832 1744 palam
855 1659 919 1723 iam
937 1660 989 1724 isti
1008 1658 1190 1724 defensores

82 1749 284 1814 iudiciorum
300 1756 536 1832 pugnaverunt,
555 1745 681 1810 senatui
696 1767 761 1810 non
779 1746 906 1830 placere
923 1745 958 1809 id
976 1745 1130 1810 iudicium
1148 1741 1189 1808 de

86 1834 204 1901 Sullae
222 1832 316 1897 bonis
333 1832 416 1896 fieri:
440 1853 538 1914 quam
562 1853 623 1932 ego
642 1854 772 1896 oausam
789 1832 886 1917 longe
904 1832 995 1897 aliter
1012 1840 1140 1916 praetor
1157 1829 1192 1893 in

85 1919 241 1986 contione
260 1917 403 1993 defendi,
422 1939 495 1982 oum
513 1917 546 1981 id
565 1918 713 1993 dicerem,
732 1919 819 2001 quod
836 1918 922 1983 idem
940 1917 1061 1982 iudices
1079 1926 1192 2000 postea

87 2015 285 2081 statuerunt,
303 2003 456 2068 iudicium
475 2004 624 2086 aequiore
643 2017 785 2089 tempore
803 2004 872 2068 fieri
890 2014 1045 2088 oportere.

196 2097 261 2166 quia
277 2095 395 2162 defuerat
411 2097 587 2164 superioribus
609 2097 764 2166 temporibus
779 2098 806 2150 in
823 2097 928 2150 aerario
945 2096 1059 2164 pecunia
1076 2093 1192 2162 publica,

141 2169 230 2219 multa
241 2175 266 2218 et
277 2182 354 2234 saepe
365 2167 418 2218 eius
434 2165 474 2218 rei
483 2165 596 2218 remedia
608 2175 683 2218 erem
695 2168 823 2235 quaesito,
841 2167 868 2218 in
880 2165 972 2236 quibus
983 2166 1030 2218 boc
1043 2180 1154 2234 quoque,
1167 2171 1195 2215 ut

139 2234 273 2304 pecuniae
280 2235 410 2302 publicae,
428 2250 495 2315 quae
510 2235 628 2286 residuae
639 2235 711 2304 apud
721 2251 845 2304 quemque
856 2243 950 2299 essent,
963 2233 1133 2302 eriperentur.
1169 2233 1196 2283 id

144 2313 233 2357 autem
245 2305 357 2356 maxime
365 2303 510 2370 pertinebat
523 2303 558 2354 od
572 2304 720 2356 Cornelium
731 2303 868 2369 Faustum,
882 2303 1016 2356 dictatoris
1026 2301 1120 2372 filium,
1133 2301 1196 2370 quia

142 2374 223 2440 Sylla
234 2389 286 2440 per
298 2373 391 2424 multos
403 2389 501 2438 annos,
518 2371 611 2442 quibus
622 2372 774 2425 enercitebus
786 2371 943 2440 praefuerat
954 2381 978 2423 et
994 2385 1049 2422 reru
1062 2369 1196 2437 publicam

144 2449 278 2506 insumat,
295 2449 440 2508 sumpserat
455 2441 580 2508 pecunias
596 2458 627 2492 erc
643 2440 808 2508 uectiqalibus
824 2449 847 2492 et
864 2457 896 2490 ere
912 2439 1017 2491 aerario
1031 2438 1127 2504 populi
1142 2438 1196 2490 Ro-

144 2509 233 2576 mani,
247 2525 328 2578 eaque
339 2525 382 2560 res
394 2525 471 2576 saepe
482 2517 539 2562 erat
550 2509 664 2577 aqituta,
677 2525 753 2576 saepe
765 2508 870 2572 omisso,
879 2507 979 2574 partim
1009 2513 1097 2572 ropter
1108 2507 1197 2572 Sqlla-

144 2593 244 2631 norum
256 2578 375 2646 partium
391 2577 572 2647 (potentiam),
591 2577 691 2644 partim
709 2577 778 2645 quod
792 2576 908 2646 iniquum
924 2574 983 2626 uide·
1016 2581 1070 2638 tur,
1086 2581 1145 2642 post
1162 2580 1198 2623 tot

145 2662 241 2714 annos,
254 2663 333 2715 quom
345 2646 403 2714 quis
415 2647 555 2714 pecuniam
572 2653 709 2714 occeperat
724 2661 817 2713 resque
834 2679 1196 2696 .....................

147 2755 245 2768 ......
259 2715 377 2767 redderet
389 2715 524 2767 rationem.
1102 2729 1105 2735 ·

161 2796 215 2872 17.
244 2806 338 2861 antea
365 2817 440 2861 vero
467 2816 564 2878 quam
593 2793 766 2860 multarum
793 2799 900 2858 reruni
925 2791 1044 2856 iudicia
1070 2789 1198 2855 sublata

93 2885 170 2960 sint,
189 2881 317 2964 etquis
335 2879 433 2957 scitis,
450 2891 630 2965 praetereo,
650 2892 681 2946 et
698 2903 740 2946 ne
758 2901 854 2964 quem
872 2880 906 2944 in
923 2877 1078 2943 iudicium
1096 2875 1197 2942 oratio

94 2993 170 3038 mea
187 2989 339 3033 revocare
357 2966 513 3032 videatur.

202 3062 298 3114 statim.
328 3061 400 3113 bello
416 3061 523 3127 Italico,
541 3062 610 3130 quod
624 3059 675 3126 fuit
692 3060 893 3113 adolescentibus
908 3058 975 3124 illis,
996 3057 1110 3126 quitum
1126 3055 1154 3106 in
1171 3071 1201 3106 re

145 3131 257 3201 publica
273 3130 402 3196 viqebont,
424 3147 482 3181 cum
498 3131 574 3181 multi
595 3129 675 3182 Vario
691 3131 745 3197 leqe
762 3129 848 3198 inique
865 3129 1065 3189 damnaremur,
1082 3122 1160 3192 quasi
1174 3122 1201 3174 id

151 3199 313 3254 murenulis
325 3198 473 3250 auctoribus
485 3196 627 3267 conflatum
639 3207 711 3264 esset,
722 3198 878 3266 crebraeque
886 3195 1041 3262 defectiones
1046 3192 1201 3246 Italicorum

150 3266 349 3332 nuntiarentur,
370 3275 431 3318 tunc
447 3266 479 3318 ob
499 3266 552 3319 citu
573 3267 692 3319 tristitiae
712 3266 873 3318 occasionem
893 3273 999 3316 senatus
1020 3261 1144 3329 decreuit,
1168 3277 1202 3312 ne

150 3336 258 3402 iudicia,
272 3337 333 3387 darn
345 3337 467 3388 tumultus
476 3335 586 3388 Italicus
598 3343 674 3401 esset,
690 3343 877 3399 exercerentur,
891 3333 962 3402 quod
972 3332 1100 3384 decretum
1111 3345 1202 3382 eorum

150 3407 178 3458 in
191 3403 356 3458 contionibus
365 3405 460 3472 populi
468 3420 545 3472 saepe
557 3405 682 3470 aqitotum
695 3412 759 3455 erat.
794 3410 948 3470 supererant
965 3409 1050 3453 autem
1062 3417 1093 3452 ecc
1105 3399 1146 3465 iis,
1159 3413 1203 3468 qur

152 3475 201 3526 illa
218 3473 315 3525 iudicia
335 3479 477 3524 metuerunt
497 3473 658 3538 †inqentum
683 3471 794 3524 manime
810 3470 913 3540 (puter)
932 3470 959 3524 0.
976 3468 1096 3522 Curionis
1113 3468 1201 3520 adole-

151 3543 248 3596 scentis
260 3541 322 3608 eius,
335 3541 382 3610 qui
392 3539 456 3592 bello
470 3539 540 3592 ciuili
553 3539 674 3606 Caesaris
686 3539 737 3606 suit
744 3541 871 3607 partium.

167 3629 219 3693 18.
239 3651 269 3692 a.
295 3649 361 3693 non
384 3625 446 3692 On.
469 3625 641 3692 Dolabella
660 3625 698 3692 O.
717 3627 915 3704 Volcatium,
943 3624 1202 3691 honestissimum

107 3715 222 3792 virum,
242 3713 405 3778 communi
427 3723 459 3779 et
476 3713 662 3798 quotidiano
679 3713 749 3778 iure
766 3712 937 3814 privasset3
973 3711 1005 3776 b.
1030 3733 1094 3775 non
1113 3708 1202 3772 deni·

108 3819 167 3882 qne
184 3800 283 3866 homo
301 3799 428 3865 illorum
446 3809 479 3864 et
496 3799 562 3864 vita
580 3810 610 3864 et
633 3799 803 3884 prudentae
820 3797 997 3874 dissimilis,
1020 3796 1077 3861 sed
1095 3806 1203 3856 tamen

108 3885 199 3950 nimis
222 3887 256 3950 in
283 3885 493 3971 gratificando
518 3885 588 3950 iure
609 3884 705 3963 liber,
728 3883 770 3948 Ir.
795 3882 932 3950 Sisenna
958 3882 1116 3946 bonorum
1138 3873 1201 3941 Cn.

112 3967 250 4036 Cornelii
267 3971 500 4057 possessionem
522 3994 562 4036 ex
581 3971 684 4036 edicto
706 3993 764 4036 suo
781 3969 821 4034 P.
841 3967 985 4053 Scipioni
1007 3962 1205 4029 adulescenti

114 4077 231 4122 summa
249 4057 415 4124 nobilitate
433 4056 550 4124 eximia
568 4056 684 4123 virtute
701 4055 846 4142 praedito
863 4076 929 4118 non
947 4049 1095 4116 dedisset.
