2674 4558
537 235 787 294 6666116661.
990 205 993 210 ’
1169 224 1209 290 17

106 368 193 423 videri
205 371 305 440 potest
317 366 352 422 de
365 365 487 422 aerario:
499 361 663 439 refertum,
680 366 779 438 inquit,
798 361 975 428 tribuniciis
992 361 1133 449 legibus,
1156 385 1210 430 cx·

106 449 262 514 haustum
282 447 438 532 aquibus
456 447 497 512 sit
514 446 577 533 ipsi
593 447 706 512 sciunt.
730 453 856 524 Aquila
867 454 911 524 26,
924 455 959 511 30
971 455 1014 510 ed.
1028 455 1119 510 Halm.

168 541 227 607 40.
252 542 310 627 qui
328 541 509 626 eloquentia
526 542 639 608 ceteris
657 541 825 608 antecellit.
860 547 966 604 Prisc.
978 549 1016 619 X,
1028 550 1054 618 6,
1066 550 1108 605 36.

168 639 226 703 41.
252 639 310 704 sed
327 638 369 706 ab
386 639 467 706 urbe
486 638 610 704 dierum
626 636 687 704 iter
705 637 854 706 afuerunt
867 639 1089 725 complurium.
1116 644 1210 700 Arue.

102 723 138 778 45
149 722 239 778 Lind.
252 721 365 776 Front.
379 721 422 776 ed.
435 721 514 776 Rom.
527 721 587 777 366.

171 804 229 867 42.
254 803 333 886 quid
356 803 460 868 enim?
487 803 565 867 mihi
589 813 750 873 certamen
774 815 822 869 est
849 825 922 869 cum
945 814 1130 870 accusatore
1158 812 1212 868 aut

106 888 284 954 contentio
328 894 424 948 Aras.
437 892 584 950 21811661.

172 982 229 1046 43.
259 966 344 1048 demi
370 980 496 1046 medius
522 982 618 1047 lidius
645 983 685 1049 de
716 983 766 1049 his
792 983 987 1050 ornamentis
1015 985 1212 1070 aliquantum

104 1069 230 1134 malim.
275 1073 319 1127 ib.
331 1073 477 1127 2261111161.

172 1162 228 1227 44.
254 1161 312 1226 das
326 1162 412 1227 enim
429 1160 508 1226 mihi
526 1161 712 1230 facultatem
726 1187 791 1242 eos,
810 1166 866 1250 qui
878 1177 948 1230 tum
962 1165 1122 1232 adfuerint
1133 1163 1213 1230 Cor·

107 1247 426 1324 neli0,'n0minandi.
470 1253 513 1308 ib.
526 1254 586 1308 213.

173 1341 229 1407 45.
252 1341 360 1418 facite,
377 1351 413 1406 66
431 1340 545 1419 facitis,
563 1342 620 1426 qui
638 1343 679 1407 ad
698 1365 828 1410 oausam
846 1343 973 1410 adestis.
1017 1351 1060 1404 ib.

173 1437 229 1502 46.
255 1459 312 1502 cur
325 1458 411 1501 nunc
424 1437 567 1514 redeant,
587 1437 704 1503 616666
717 1439 839 1524 gratiae
855 1438 1087 1505 concesserint?
1097 1444 1140 1498 ib.
1152 1443 1212 1498 220.

174 1531 230 1596 47.
254 1531 343 1616 quid,
361 1532 448 1615 quod
465 1556 506 1598 ne
524 1555 598 1598 6616
616 1534 661 1598 616
680 1534 811 1617 quidem·
825 1544 975 1620 expertus
994 1557 1038 1610 66,
1056 1555 1137 1618 quos
1155 1533 1214 1596 du-

108 1641 163 1685 ces
183 1637 202 1680 o
228 1640 355 1683 erarum
373 1617 473 1682 fuisse
492 1619 617 1690 dixisti?
651 1625 694 1680 ib.
707 1625 766 1680 226.

222 1752 230 1766 .
254 1703 322 1769 6166
335 1703 423 1768 modi
439 1703 518 1768 mihi
537 1704 616 1769 duos
633 1704 765 1788 laqueos
778 1705 812 1770 in
826 1729 924 1772 causa
937 1729 1006 1772 esse
1024 1705 1213 1792 propositos,

110 1800 148 1854 ut
164 1790 192 1855 si
210 1813 264 1854 me
283 1790 381 1854 616666
399 1790 609 1874 expedissem,
627 1802 752 1858 tenerer
770 1793 878 1858 altero.
914 1798 1029 1853 16228.
1066 1795 1076 1800 ’“

176 1875 232 1939 49.
256 1876 381 1960 aperuit
397 1875 500 1947 forem
518 1877 685 1942 scalarum.
730 1883 817 1938 Acro
829 1884 867 1938 ad
878 1883 946 1938 Hor.
960 1882 1047 1940 serm,
1060 1883 1084 1951 I,
1098 1885 1124 1952 2,
1137 1884 1179 1938 61.

177 1961 232 2026 50.
253 1961 405 2046 correpsit
423 1961 457 2024 in
475 1962 586 2028 666166.
610 1967 718 2023 661161.
731 1973 785 2022 vet.
798 1968 830 2023 in
841 1969 964 2024 Iuvenal.
977 1969 1043 2038 VII,
1056 1969 1115 2023 118.
1190 2001 1193 2007 -

177 2047 233 2111 51.
256 2058 320 2106 sunt
336 2053 474 2122 quaedam
490 2058 584 2123 partes
600 2070 699 2109 666666
719 2059 886 2124 perpetuae,
909 2071 981 2126 quae
997 2055 1084 2109 verba
1099 2053 1216 2109 humilia

112 2136 284 2206 (1661666666,
295 2142 328 2192 ut
335 2134 412 2198 latet
429 2133 462 2196 16
480 2133 573 2198 666116
591 2134 766 2200 tenebrosis
786 2132 963 2200 Cominius.
995 2139 1215 2194 Fortunatia-

114 2233 174 2270 nns
187 2215 233 2269 ed.
245 2215 332 2269 Halm
344 2215 403 2286 123,
416 2216 458 2271 18.

178 2285 233 2350 52.
255 2291 324 2348 item
335 2309 386 2362 pro
399 2289 526 2366 Cornelio
538 2293 704 2348 maiestatis:
723 2289 875 2375 replicate
881 2313 890 2366 3
913 2288 985 2374 ipsa
1002 2299 1091 2354 sunt:
1117 2288 1214 2372 legite

115 2381 152 2436 ut
168 2371 336 2457 legebatis,
355 2372 430 2436 hinc
447 2373 636 2460 intellegetis
654 2375 744 2439 nulla
762 2374 948 2440 tenuissima
966 2373 1141 2458 suspitione
1160 2374 1215 2437 de-

115 2457 211 2594 ogrissi
229 2468 286 2522 aut
304 2457 476 2546 significari
496 2457 690 2524 Cornelium.
714 2464 881 2520 Boethius
894 2463 1102 2518 de‘detinitione
1113 2482 1142 2535 p.
1155 2463 1214 2518 659.

118 2555 133 2594 6
153 2582 160 2593 .
199 2557 239 2594 as.

179 2605 233 2676 53.
258 2622 300 2672 666
315 2617 427 2672 interim
443 2622 519 2672 certa
535 2617 632 2688 finitio,
651 2619 686 2673 de
703 2615 848 2688 quainter
864 2620 1010 2686 utramque
1026 2621 1135 2686 partem
1153 2631 1215 2670 con·

116 2702 204 2786 venit,
216 2707 249 2756 ut
261 2695 358 2756 016666
370 2701 452 2757 dicit:
464 2697 612 2764 maiestas
627 2708 674 2763 est
691 2699 725 2762 in
742 2695 875 2782 imperio
895 2706 990 2782 atque
1007 2695 1141 2762 inomni
1158 2718 1217 2782 po-

114 2782 183 2867 puli
200 2781 341 2848 Romani
359 2782 523 2879 dignitate.
569 2788 711 2860 quaeritur
725 2794 833 2858 tamen,
850 2803 886 2842 66
901 2789 1031 2844 maiestas
1048 2789 1155 2844 minuta
1170 2789 1215 2858 616,

114 2869 146 2919 66
156 2865 186 2918 16
199 2881 286 2919 eausa
298 2863 419 2920 Cornehi
431 2867 588 2936 quaesitum
600 2871 649 2920 est.
686 2865 798 2930 Quint.
811 2865 877 2936 Vll,
890 2867 915 2936 3,
929 2867 970 2920 35.

179 2936 234 3000 54.
259 2941 294 2996 cf.
306 2941 407 3014 fragm.
421 2957 454 2996 ex
466 2959 518 2998 orr.
531 2942 627 2998 1116666.
641 2943 683 2998 30.
822 2967 824 2971 ·

179 3020 234 3085 55.
258 3043 312 3098 quo
330 3043 481 3098 exgenere
498 3029 682 3100 (egressionis)
700 3035 743 3084 est
757 3045 808 3099 pro
821 3027 851 3084 G.
866 3025 993 3084 Cornelio
1009 3028 1151 3099 popularis
1167 3028 1217 3083 illa

115 3104 248 3158 virtutum
261 3102 310 3158 66.
322 3104 451 3174 Pompeii
467 3104 701 3175 commemoratio,
717 3105 747 3158 in
759 3123 842 3176 quam
853 3106 901 3160 1116
918 3105 1026 3160 divinus
1038 3109 1130 3158 orator
1141 3105 1218 3158 velut

117 3173 227 3226 nomine
239 3173 300 3294 iglso
313 3173 499 3306 166ῒί6οὸ6666
509 3173 624 3298 {ligent}
634 3178 792 3296 666166εέ6,ιέἰ
805 3179 923 3298 &offilo
940 3189 1023 3245 quem
1038 3172 1217 3228 inchoaverat

118 3257 242 3296 sermone
275 3257 324 3296 eve
376 3281 381 3296 .
448 3259 529 3295 u1n.
700 3259 735 3296 6.
915 3283 921 3296 .

181 3312 235 3376 56.
259 3295 421 3389 (6416666166
431 3349 466 3359 -
477 3283 598 3389 66666616
614 3245 728 3374 liumaini
743 3284 801 3389 pro,
812 3247 952 3389 Clueniio,
969 3319 1011 3373 ita
1026 3336 1076 3390 pro
1090 3316 1217 3382 Cornelio

118 3411 134 3449 e
152 3412 263 3518 using?
280 3411 331 3466 pro
347 3395 453 3450 Archia
468 3411 595 3451 saxorum
611 3411 720 3466 quoque
736 3413 802 3450 6666
820 3401 862 3452 666
878 3395 1067 3452 similitudine.
1104 3395 1219 3461 Quint.

146 3504 153 3534 ³
182 3505 236 3599 51.
258 3545 344 3596 testes
354 3541 386 3595 in
395 3539 552 3596 cornelium
564 3546 708 3596 accusator
718 3541 784 3596 16661
796 3559 813 3598 6
824 3541 935 3597 tribuno
946 3541 1037 3614 plebis
1047 3541 1150 3598 codicis
1158 3541 1218 3612 pol·

119 3616 228 3672 naun:
246 3615 316 3672 facit
330 3618 384 3672 hoe
396 3616 493 3672 Cicero
509 3635 716 3689 supervacuum,
734 3619 800 3690 quia
815 3619 876 3690 ipse
892 3619 1021 3676 fateatm.
1058 3619 1168 3684 Quint
1181 3617 1217 3686 V,

120 3685 162 3756 13,
174 3686 217 3740 18.
231 3686 304 3740 adde
316 3686 367 3755 VI,
380 3687 406 3755 4,
419 3688 461 3741 10.

183 3755 238 3822 58.
260 3761 453 3830 ἀποσιώπησις
463 3793 499 3804 —-
510 3765 565 3818 alio
577 3763 738 3818 transeundi
750 3765 855 3836 gratim
869 3755 1037 3824 Cominius
1055 3768 1162 3824 autem
1175 3791 1219 3802 -

122 3842 299 3906 -tametsi
315 3841 470 3928 ignoscite
488 3843 577 3920 mihi,
594 3844 725 3909 iudices.
743 3849 773 3902 in
790 3865 844 3920 quo
861 3855 904 3905 est
920 3855 950 3906 et
965 3849 1165 3918 1116616666
1176 3845 1218 3900 in-

122 3927 163 3977 ter
178 3925 320 3980 schemata
339 3925 479 3980 numerari
500 3926 596 3995 debet,
618 3943 681 3981 eum
700 3927 763 3981 aliis
780 3927 863 3983 etiam
883 3945 949 3999 pars
966 3941 1066 3982 causae
1081 3923 1219 3986 videatur)

124 3990 272 4071 digressio,
289 3993 349 4048 abit
365 3993 439 4048 enirn
456 3998 564 4061 [causa]
578 3994 608 4047 in
624 3995 720 4050 laudes
734 3983 782 4049 (ln.
795 3995 936 4066 Pompeii,
953 3995 1039 4065 idque
1057 3992 1118 4049 11661
1134 3993 1219 4050 etiam

124 4075 182 4114 6166
196 4062 388 4128 ἅποσιωπήσει
399 4063 498 4135 potuit.
535 4061 645 4128 Quint.
658 4063 710 4135 IX,
722 4063 749 4134 2,
762 4065 803 4119 55.

174 4147 323 4193 0166666661.
333 4148 371 4194 XI.
