2674 4558
123 220 165 286 28
272 257 274 263 ·
465 229 502 282 Μ.
522 227 656 284 TULLII
675 223 872 281 CICERONIS

183 437 265 492 xus.
302 431 510 492 ORATIONIS
528 431 569 488 tu
586 433 620 486 P.
640 397 815 486 cuo'ntuu
832 429 882 483 uu
901 427 932 484 c,
952 427 1167 486 samonum.

377 521 577 564 ARGUMENTUM
590 517 790 562 SOHOLIASTAE
806 517 964 559 BOBIENSIS.
1108 539 1110 544 ·

188 610 259 678 apud
272 609 389 662 Graecos
404 605 478 658 buius
494 604 565 656 modi
576 621 674 672 persero
687 592 833 658 oratiorium
850 605 1019 654 ἐπαινοῦντα
1037 605 1082 653 nal
1095 605 1235 670 ψέγοντα
1320 617 1321 620 ’

125 680 301 743 nominantur,
326 675 482 728 continentia
504 672 587 738 ferme
610 673 700 724 laudes
723 681 747 724 et
769 671 975 739 uituperationes.
1011 687 1064 722 non
1088 671 1166 722 enine
1188 671 1239 723 rei
1320 725 1321 728 Ἴ

123 748 291 820 postulantur
303 761 321 796 a
333 744 418 796 Tullio
430 743 470 794 cel
484 741 511 794 C.
527 741 605 794 Curia
617 742 656 792 cel
667 741 699 793 P.
714 739 833 804 Clodius,
845 740 890 790 sed
900 739 1023 808 quoniam
1034 738 1187 792 habuerant
1201 739 1234 791 in

126 823 217 868 senata
233 813 364 882 quandam
380 811 523 878 iurpiosam
538 809 745 874 decertationem,
762 807 844 860 unum
858 807 979 860 Ciceroni
993 816 1031 860 est
1042 807 1110 860 banc
1122 809 1233 860 oratio·
1320 811 1321 814 ’

126 901 183 936 nom
207 880 368 934 conscribere
389 879 495 947 plenam
517 878 572 930 sine
595 877 670 928 dubio
691 886 714 928 et
731 876 878 944 asperitatis
894 883 917 927 et
939 875 1103 942 facetiarum,
1130 876 1235 944 quibus
1320 899 1321 906 ¹

127 966 213 1004 mores
224 949 356 1016 utriusque
368 946 514 1015 proscindit
530 953 553 997 et
569 946 599 996 de
615 945 774 1012 sinpulorum
786 943 852 995 citir's
865 961 942 1012 quam
954 951 1040 1011 potest
1056 943 1234 998 acerbissime
1320 951 1321 954 ’

127 1019 250 1088 loquitur.
286 1016 418 1068 sedenim
435 1013 594 1082 principium
614 1013 687 1064 buius
711 1011 826 1080 offensae
845 1011 932 1078 fertur
953 1029 970 1065 a
991 1013 1022 1065 P.
1042 1013 1128 1064 Clodii
1147 1021 1232 1064 reatu
1320 1041 1321 1044 =

128 1085 284 1140 descendisse
288 1103 299 1149 ;
315 1101 377 1135 nant
392 1083 462 1134 uisus
473 1089 510 1134 est
526 1083 553 1132 in
565 1083 639 1133 domo
654 1081 784 1149 pontificis
800 1081 908 1132 matrimi
920 1081 948 1133 C.
964 1080 1085 1133 Caesaris
1096 1081 1229 1133 eiusdem·

146 1171 177 1208 ae
187 1153 316 1222 praetoris
324 1153 451 1220 incestum
462 1149 555 1216 fecisse
567 1166 625 1200 crem
636 1149 690 1201 eius
701 1165 782 1200 neore
793 1149 926 1217 Pompeia,
940 1164 997 1200 cum
1009 1166 1038 1200 eo
1051 1157 1166 1217 tempore
1174 1165 1230 1218 per

155 1223 247 1275 estales
263 1220 373 1288 cirpines
389 1229 412 1271 et
428 1227 562 1270 matronas
578 1217 768 1269 honestissimas
784 1217 811 1268 in
827 1226 915 1284 operto
933 1217 1024 1270 Bonae
1040 1217 1102 1270 deae
1118 1218 1228 1288 sacrifi·
1320 1253 1321 1256 ,

130 1293 197 1344 cium
214 1289 276 1341 ciris
293 1287 409 1340 omnibns
425 1287 583 1338 inaccessum
602 1285 696 1356 fiebat,·
718 1286 786 1336 unde
806 1287 894 1352 elapso
912 1293 997 1338 tamen
1015 1285 1103 1337 Clodio
1125 1301 1229 1354 acapna

129 1358 225 1411 invidia
237 1355 400 1425 percrebruit
411 1363 435 1407 et
450 1353 561 1421 infamia
574 1353 803 1420 caerimoniarum,
819 1362 847 1406 ut
859 1362 962 1406 senatus
973 1355 1108 1406 decernere
1120 1370 1229 1422 copere-

130 1437 173 1480 tur
186 1427 256 1477 0mni
266 1425 397 1491 dilipentia
410 1424 544 1475 consulam
552 1423 785 1490 peraestipandum,
803 1422 908 1490 siquod
918 1429 983 1474 esset
994 1421 1107 1489 publicis
1118 1422 1226 1492 relipio·
1320 1445 1321 1480 ς

130 1495 206 1546 nibus
227 1495 328 1544 illatum
348 1490 485 1560 flapitiam.
521 1490 656 1542 accedebat
675 1491 723 1542 buc
743 1491 819 1542 etiam
836 1490 1026 1558 praeiudicium
1046 1489 1176 1558 quoddam
1196 1491 1227 1544 C.
1320 1493 1321 1496 ’

134 1561 255 1615 Caesaris
268 1561 348 1628 psius
355 1559 497 1628 pontificis,
510 1559 556 1626 qui
562 1575 669 1610 acorem
677 1575 752 1610 suam
764 1558 834 1610 illico
846 1559 1003 1625 repudiauit;
1011 1567 1071 1625 post
1082 1557 1152 1627 qaod
1163 1575 1227 1611 reus
1320 1561 1321 1628 ἦ

132 1633 162 1682 de
174 1631 269 1680 incesto
281 1627 369 1693 factus
380 1635 417 1678 est
428 1627 459 1679 P.
468 1626 572 1679 Clodius
585 1633 724 1678 accusante
734 1625 766 1678 L.
776 1626 895 1692 Lentulo,
908 1625 1057 1692 defendente
1070 1627 1099 1680 0.
1111 1627 1225 1680 arnae
1320 1655 1321 1658 ¹

128 1706 213 1767 patre.
241 1708 311 1747 nam
323 1703 374 1746 tres
386 1695 439 1746 illis
455 1693 609 1761 temporibus
623 1693 748 1746 Curiones
760 1695 858 1746 illustri
871 1695 973 1748 nomine
985 1697 1133 1747 exstiterunt
1146 1704 1226 1766 atque

131 1768 168 1818 ita
180 1763 292 1816 inlibris
305 1763 386 1814 adbuc
402 1761 536 1828 feruntur:
555 1762 634 1815 Curio
647 1778 722 1827 avus,
739 1763 786 1831 qui
795 1764 910 1816 Serrium
922 1763 1040 1815 Fuluium
1052 1763 1144 1816 incesti
1152 1781 1225 1816 reum

133 1831 257 1898 defendit,
275 1839 298 1884 et
313 1831 352 1882 itia
371 1830 398 1883 C.
415 1831 492 1883 Curio
505 1838 594 1898 pater,
611 1831 657 1911 qui
672 1831 702 1884 P.
718 1831 807 1884 Clodio
824 1830 922 1898 adfuit,
940 1840 963 1883 et
980 1831 1068 1883 tertius
1084 1833 1128 1884 ille
1146 1832 1226 1886 Curio

133 1900 296 1965 tribunicius,
314 1900 359 1968 qui
375 1899 438 1950 bello
452 1898 521 1950 ciuili
530 1899 689 1966 Pompeiano
706 1900 733 1951 in
745 1899 840 1966 Africa
852 1901 930 1968 periit
935 1919 945 1964 ,·
956 1900 1002 1969 qui
1012 1916 1070 1952 cum
1082 1908 1145 1953 esset
1158 1917 1224 1968 par-
1320 1937 1321 1942 η

134 1970 197 2020 tium
215 1967 348 2032 Caesaris,
370 1982 508 2034 oppressus
528 1975 565 2019 cst
585 1968 618 2020 ab
639 1967 762 2036 equitibus
778 1968 859 2020 Iubae
879 1969 954 2036 repis.
990 1969 1034 2020 sed
1053 1969 1173 2020 hactenus
1192 1969 1225 2020 de
1320 1973 1321 1978 ’

137 2035 291 2090 Curionibus
308 2035 402 2086 dictam
418 2036 458 2087 sit.
498 2036 605 2088 multum
622 2037 714 2106 dinque
729 2036 820 2088 tatttts
836 2036 1067 2088 concertationibus
1084 2044 1144 2088 ante
1159 2036 1223 2088 iudi·
1320 2095 1321 2104 ἵ

135 2106 202 2156 cium
216 2105 245 2157 P.
260 2103 365 2156 Clodius
381 2119 398 2155 a
414 2103 561 2156 turbrdenta
577 2105 748 2170 multitudine,
765 2122 798 2156 ne
809 2121 917 2157 causam
929 2105 1030 2170 diceret,
1048 2122 1101 2156 aaa
1113 2105 1166 2156 sine
1176 2105 1221 2156 im·
1320 2151 1321 2168 ,

131 2182 194 2241 petu
210 2173 341 2224 seditionis
362 2171 464 2224 adiutus
480 2180 530 2238 est,
551 2181 658 2226 auctore
677 2173 751 2226 leuius
772 2173 971 2242 conspirationis
990 2174 1020 2233 Q.
1036 2173 1111 2242 Fufio
1130 2175 1223 2226 Caleno
1320 2171 1321 2208 ³

135 2241 236 2293 tribuno
248 2241 294 2306 pl,
307 2240 380 2290 cuius
391 2241 542 2293 mentionem
554 2241 736 2294 creberrimam
747 2241 849 2295 Tullius
865 2242 892 2292 in
904 2240 1054 2309 Plrilcppim's
1066 2241 1224 2294 orationibus

134 2307 214 2374 facit;
232 2308 347 2360 obstante
358 2325 418 2359 vero
432 2325 517 2376 paene
529 2310 647 2362 universo
659 2317 749 2362 senatu
762 2325 814 2378 pro
826 2311 999 2362 sanctimonia
1015 2309 1165 2376 reiipionum
1177 2311 1222 2362 ad·

134 2392 223 2428 uersus
237 2377 331 2428 crimen
344 2377 444 2445 incesti,
461 2379 556 2430 iudices
569 2386 653 2431 tamen
665 2379 701 2430 ad
716 2387 855 2430 estremum
867 2379 923 2430 dati
937 2386 1003 2430 sunt.
1039 2385 1062 2429 et
1071 2378 1156 2446 prima
1167 2378 1220 2448 qui·
1320 2405 1321 2412 κ

135 2446 192 2496 dem
212 2445 245 2496 ab
265 2453 356 2498 senatu
373 2446 533 2514 praesidium
552 2447 705 2514 petiverant,
729 2455 757 2498 ut
778 2447 809 2498 de
827 2447 915 2500 Clodio
933 2445 1109 2514 potentissimo
1128 2447 1224 2499 bomine
1320 2471 1321 2506 t

136 2513 240 2565 liberius
252 2513 426 2579 iudicaretur,·
437 2531 524 2567 cerum
535 2515 572 2567 ita
584 2531 626 2566 res
636 2515 731 2580 cecidit,
743 2523 772 2566 ut
783 2515 810 2566 in
820 2531 877 2567 eum
886 2515 960 2567 multi
964 2531 1045 2583 praue
1057 2515 1219 2567 testimonium

135 2581 261 2646 dicerent,
279 2598 389 2650 ortorum
405 2583 433 2634 in
448 2599 554 2635 numero
565 2583 605 2636 M.
618 2583 672 2652 ipse
685 2583 785 2636 tullius
800 2584 974 2650 interropatus
986 2583 1023 2634 ait
1035 2583 1070 2634 ad
1084 2599 1112 2633 se
1127 2585 1221 2636 saluta-

135 2659 189 2700 tum
205 2649 301 2700 uenisse
317 2649 375 2716 t'psa
397 2651 437 2700 die
455 2651 583 2714 Clodium,
622 2667 657 2703 uc
673 2667 700 2702 se
719 2653 763 2704 ille
780 2652 945 2702 contenderat
960 2650 1127 2701 Interamnae
1145 2648 1222 2714 fuisse

136 2715 238 2767 milibus
257 2731 380 2782 passuum
400 2715 482 2780 ferme
497 2718 549 2770 LX
638 2718 671 2770 ab
691 2719 755 2770 urbe
775 2718 940 2781 disiunctum,
964 2733 1015 2784 quo
1032 2715 1127 2768 scilicet
1146 2718 1222 2769 uideri

135 2781 235 2834 uolebat
246 2783 337 2833 incesti
345 2783 445 2835 Romae
457 2785 629 2836 committendi
637 2785 788 2850 facultatem
799 2801 852 2836 non
863 2784 987 2837 babuisse.
1018 2791 1041 2836 et
1050 2793 1109 2852 post
1120 2785 1177 2838 baec
1189 2787 1221 2838 ab

135 2849 259 2902 iudicibus
274 2848 356 2902 XXV
366 2849 504 2902 damnatus
520 2859 571 2915 est,·
590 2854 738 2918 praevaluit
759 2861 843 2902 tamen
861 2853 896 2903 ad
916 2852 969 2904 eius
989 2850 1123 2904 uictoriam
1142 2854 1219 2906 maior

136 2933 225 2970 corum
235 2933 370 2983 numerus,
387 2917 433 2986 qui
447 2918 626 2983 absolverunt;
640 2935 702 2970 nam
715 2918 794 2972 XXX
801 2927 825 2971 et
836 2936 890 2971 una
905 2935 954 2988 pro
967 2937 996 2972 eo
1008 2923 1146 2975 sententiae
1156 2923 1220 2976 latae

136 2994 203 3038 sunt.
237 2985 296 3038 inde
307 2984 384 3052 icitur
396 2987 517 3052 capitalis
529 2985 646 3038 inimicus
657 2987 685 3039 in
696 2987 735 3040 M.
749 2987 863 3039 Tullium
876 2989 957 3056 coepit
969 2986 1060 3057 efferri
1069 2999 1101 3056 et,
1114 3007 1167 3042 cum
1177 2991 1219 3044 illo

137 3071 207 3107 anno
216 3061 342 3122 potestate
374 3055 506 3106 uaestoria
521 3054 680 3122 funqeretur,
698 3057 768 3124 apud
779 3057 906 3123 populum
924 3058 1086 3110 creberrimis
1098 3075 1152 3110 eum
1163 3075 1217 3110 coa·
1320 3101 1321 3108 ,

137 3123 246 3174 tionibus
258 3069 413 3186 lacesseian
428 3123 512 3174 minas
524 3123 586 3192 quin
598 3123 674 3175 immo
682 3125 867 3192 praetendens,
880 3126 915 3177 ad
925 3123 1056 3191 familiam
1067 3143 1094 3178 se
1103 3126 1217 3194 plebeiam
1257 3140 1267 3154 ⁴
1320 3131 1321 3168 t

137 3191 320 3256 transiturum,
337 3198 366 3243 ut
377 3189 493 3243 tribunus
505 3193 543 3258 pl.
555 3192 642 3260 fieret,
659 3191 838 3244 denuntiabat:
855 3193 947 3262 quibus
964 3195 1141 3247 minacissima
1155 3194 1218 3248 illius

136 3258 238 3310 vocibus
250 3259 404 3312 veliementer
416 3267 439 3310 et
451 3260 578 3312 acerrimo
589 3260 683 3328 spiritu
694 3261 741 3314 lrac
754 3261 871 3314 oratione
885 3261 977 3316 Cicero
990 3263 1122 3332 respondit
1133 3264 1150 3332 †
1161 3263 1216 3314 dac-

136 3341 203 3392 rum,
216 3334 268 3379 tam
280 3326 360 3395 ipsim
372 3341 449 3396 quam
464 3327 593 3382 meana.

200 3413 227 3476 Ι.
265 3412 367 3478 1-4.
391 3423 577 3493 statueram,
599 3427 705 3501 patres
725 3417 904 3503 conscripti,
927 3417 1034 3500 quoad
1051 3437 1125 3481 reus
1140 3428 1213 3480 esset

137 3495 176 3561 P.
196 3495 345 3576 Clodius,
365 3498 444 3564 nihil
462 3499 502 3565 dc
519 3497 574 3566 itto
591 3523 697 3586 neque
715 3525 734 3566 a
756 3502 801 3566 ud
819 3525 891 3580 vos,
909 3522 1013 3584 neque
1030 3501 1092 3566 alio
1110 3501 1168 3564 ullo
1183 3501 1213 3565 in

137 3582 207 3647 loco
226 3581 340 3650 dicere.
383 3583 522 3670 (tametsi
540 3587 675 3672 capitale
692 3525 769 3651 miii
788 3587 896 3652 odium
917 3584 1025 3672 minis>
1043 3607 1080 3652 ac
1098 3586 1212 3650 furiosis

138 3667 339 3734 contionibus
356 3669 522 3747 indixerat,
542 3673 628 3841 ium}
647 3673 741 3736 simul
759 3673 800 3736 ab
820 3694 858 3736 eo
876 3672 953 3736 mihi
971 3683 1003 3737 et
1020 3671 1215 3757 reipublicae

138 3753 398 3832 denuntiabatur,
421 3767 541 3831 tamen,
558 3778 661 3841 neque
680 3758 745 3822 dixi
768 3757 938 3842 quicquam
960 3778 1018 3843 pro
1037 3757 1214 3833 testimonio,

137 3839 200 3903 nisi
225 3839 312 3923 quod
331 3852 406 3906 erat
430 3841 476 3906 ita
500 3853 611 3907 notum
638 3853 733 3927 atque
762 3853 926 3919 testatum,
954 3853 990 3908 ut
1016 3864 1081 3908 non
1102 3863 1212 3926 possem

138 3925 313 4076 praeteplilrne1
336 3936 368 3992 et
394 3923 487 3992 facile
513 3926 671 4013 patiebar)
699 3927 779 3993 nihil
804 3951 856 3994 me
882 3926 1000 3994 addere
1028 3927 1069 3992 ad
1101 3927 1213 3992 alterius

137 4028 246 4094 pensu
316 4057 324 4076 .
