2674 4558
503 239 770 324 anseranum)
1135 257 1173 320 tt

124 391 153 442 in
166 391 289 444 contione
311 427 708 444 .......................
732 389 864 444 nobilitate
879 407 973 459 mapno
987 391 1082 459 populi
1090 391 1176 443 studio

126 469 154 511 ut
165 459 206 510 iis
223 496 620 512 .......................
637 456 754 523 fuissent,
767 459 834 510 alios
846 475 946 539 qaoque
956 461 1124 528 mapistratus

126 565 267 581 ........
284 527 361 579 aliter
376 535 399 578 et
415 527 484 596 quud
499 527 541 578 lea
557 527 682 578 dictatore
693 527 725 578 L.
737 528 814 594 Sylla
826 543 920 595 paucis
937 566 1101 580 ..........
1118 529 1175 580 lata

123 595 311 664 perhibebant5
321 613 339 647 n
371 611 403 646 ue
414 611 472 647 eam
486 594 575 646 Cottae
586 595 666 662 lepem
679 594 832 663 abrepatam
844 611 898 647 esse
909 596 1045 666 siginificat.

178 664 306 733 sequitur.
363 701 369 713 .
384 663 487 716 Cottam
497 662 643 732 sipnificat5
653 661 760 728 fuerunt
772 673 857 715 autem
869 664 1045 727 trierarchi,
1060 663 1139 717 Caius
1152 671 1175 716 et

124 731 254 798 tiaram,
272 731 362 784 tertias
379 731 411 784 L.
427 731 515 796 Cotta,
532 730 579 800 qui
592 731 647 798 lepe
662 747 712 783 saa
727 730 823 784 iudicia
840 731 906 783 inter
922 739 974 784 tres
987 733 1089 784 ordines
1105 748 1175 785 eom·

124 799 284 865 arenariis,
299 807 430 866 senatum,
448 799 556 868 equites,
578 799 693 852 tribanos
710 799 842 865 aerarios;
861 800 996 870 adeptique
1012 809 1071 852 sant
1088 817 1175 854 omnes

126 869 304 920 consulatum.

141 954 195 1018 10.
221 953 329 1040 legem
354 953 514 1018 Liciniam
543 965 575 1019 et
599 953 745 1019 Muciam
771 955 812 1020 de
833 954 962 1020 ‘civibus
988 950 1173 1041 redigendis

79 1040 171 1105 rideo
194 1049 343 1105 constare
368 1039 451 1106 inter
477 1061 603 1115 omnes,
633 1061 731 1122 quam
758 1041 822 1105 duo
849 1041 993 1105 consules
1020 1041 1173 1117 omnium,

78 1148 157 1210 quos
186 1124 341 1202 vidimus,
368 1124 604 1210 sapientissumi
630 1124 790 1202 tulissent,
817 1147 882 1190 non
903 1125 998 1191 modo
1020 1125 1174 1202 inutilem,

78 1212 134 1276 sed
151 1211 367 1296 perniciosam
384 1210 430 1274 rei
447 1209 595 1296 publicae
613 1209 721 1274 fuisse.
747 1220 748 1223 ’

181 1312 279 1364 statim.
314 1311 347 1364 L.
364 1311 494 1364 Liciniam
512 1311 637 1365 Crassum
653 1320 783 1364 oratorem
799 1319 822 1364 et
841 1313 871 1372 Q.
888 1312 1004 1364 Muciam
1021 1313 1173 1365 Scaevolam

125 1381 280 1451 pontificem
296 1380 437 1432 mammum
453 1381 609 1449 canaanque
624 1387 649 1432 et
664 1388 795 1432 oratorem
810 1388 836 1432 et
854 1380 919 1432 iuris
936 1383 1080 1432 consultam
1095 1381 1173 1448 siam-

127 1449 210 1520 fica25
220 1447 249 1500 ti
258 1447 327 1501 enim
338 1449 418 1516 lapan
429 1464 494 1513 earn,
507 1449 538 1500 ‹le
549 1465 602 1516 qua
613 1448 735 1517 loquitur,
753 1448 784 1500 de
794 1448 937 1516 reclipendis
949 1449 977 1500 in
988 1464 1051 1501 suas
1062 1449 1175 1501 ciuitates

129 1516 302 1575 samisinsuo
311 1517 450 1569 consulatu
459 1517 579 1568 tulerunt.
601 1533 658 1568 eum
668 1532 769 1568 summa
778 1517 916 1584 cupiditate
927 1516 1175 1570 civitatisRomanas

127 1585 223 1658 Italici
229 1586 325 1654 populi
335 1593 479 1638 tenerentur
491 1592 515 1636 et
527 1585 558 1636 ob
569 1585 597 1636 iel
607 1600 704 1653 mapna
714 1601 779 1652 pars
791 1601 879 1636 aarum
889 1601 939 1652 pro
950 1585 1044 1638 civibus
1050 1584 1176 1638 Romanis

128 1670 159 1708 se
167 1661 281 1722 pareret,
297 1653 447 1706 necessaria
462 1653 504 1706 lea
519 1653 575 1706 aisa
586 1660 634 1719 est,
652 1660 680 1704 ut
696 1655 723 1706 in
739 1669 802 1706 suae
813 1654 920 1722 qunque
936 1653 1096 1706 civitatisius
1107 1653 1175 1706 recli-

128 1731 245 1792 peretur.
280 1738 368 1774 aerum
383 1738 414 1774 ea
432 1722 487 1788 lepe
505 1722 543 1773 ita
559 1721 668 1772 alienati
683 1721 766 1773 animi
779 1731 839 1773 sant
856 1722 1005 1790 principum
1020 1723 1174 1776 Italicorum

127 1791 305 1860 populorum,
320 1799 349 1842 ut
365 1806 396 1842 ea
412 1791 453 1842 ael
467 1789 582 1842 munima
599 1805 680 1842 eausa
697 1789 758 1842 belli
766 1789 863 1856 Italici,
880 1792 949 1860 quiret
959 1800 1020 1859 post
1037 1791 1175 1842 triennium

131 1867 254 1916 mortum
265 1867 310 1924 est,
322 1856 410 1924 faerit.

145 1954 199 2021 11.
218 1977 249 2018 a.
276 1965 426 2038 quattuor
448 1953 577 2018 omnino
598 1977 718 2039 genera
739 1966 827 2032 sunt,
849 1954 984 2030 iudices,
1007 1955 1173 2038 inquibus

83 2064 137 2126 per
165 2051 314 2105 senatum
344 2061 431 2104 more
458 2040 613 2122 maiorum
640 2051 797 2105 statuatur
823 2040 943 2123 aliquid
969 2040 1009 2104 de
1038 2040 1173 2124 legibus.

84 2149 184 2190 unum
203 2135 253 2190 esi
270 2125 337 2190 eius
354 2125 451 2200 modi,
468 2126 594 2210 plaeere
611 2126 716 2212 legem
733 2125 880 2210 abrogari
886 2149 895 2202 ;
913 2137 949 2189 ut
966 2122 1008 2205 Q.
1024 2123 1175 2202 Caecilio,

85 2211 131 2275 M.
148 2211 247 2276 Iunio
266 2209 464 2286 consulibus,
487 2231 569 2292 quae
590 2212 679 2296 leges
696 2232 763 2276 rem
786 2210 955 2274 militarem
976 2211 1174 2294 impedirent,

85 2309 118 2359 ut
134 2296 378 2380 abrogarentur.
421 2295 454 2359 b.
472 2296 620 2372 alterum,
644 2317 725 2378 quae
743 2297 796 2360 lex
813 2297 877 2359 lata
895 2317 963 2360 esse
982 2295 1118 2371 dicatur,
1137 2317 1177 2358 ea

15 2407 16 2412 ¹
85 2403 148 2445 non
164 2380 269 2445 videri
285 2381 441 2465 populum
459 2381 572 2458 teneri3
590 2391 627 2444 ut
644 2381 684 2444 L.
698 2381 824 2445 Marcio
844 2379 919 2444 Sex.
937 2380 1020 2444 Iulio
1039 2380 1177 2445 consuli·

86 2466 144 2530 bus
163 2467 204 2530 de
222 2465 349 2550 legibus
367 2465 479 2529 Liviis.
524 2489 551 2530 o.
570 2465 698 2530 tertium
716 2476 764 2530 est
782 2465 822 2528 de
839 2465 947 2547 legum
965 2465 1177 2548 derogationi-

87 2551 155 2615 bus.
208 2571 275 2632 quo
306 2551 345 2614 de
376 2572 493 2636 genere
528 2572 682 2636 persaepe
713 2548 988 2614 senatusconsulta
1016 2549 1110 2623 fiunt,
1142 2558 1178 2611 ut

86 2657 188 2722 nuper
205 2635 246 2702 de
263 2635 333 2721 ipsa
350 2637 422 2720 lege
440 2634 627 2721 Calpurnia,
646 2635 697 2698 cui
715 2633 931 2718 derogaretur.

188 2753 216 2789 a.
236 2737 267 2798 Q.
281 2736 408 2789 Caeciliae
422 2735 544 2790 Meteilus
560 2737 727 2801 Nuntium,
743 2735 783 2788 M.
795 2734 888 2788 Iunias
903 2734 1024 2800 Silanus,
1040 2733 1071 2786 ile
1087 2732 1178 2802 quibus

134 2804 203 2872 facit
213 2804 380 2871 mentionem,
397 2807 515 2858 eonsules
525 2805 632 2872 fuerunt
645 2803 709 2856 bello
723 2803 863 2868 Cimbrico,
876 2803 946 2872 quod
956 2803 999 2854 diu
1009 2818 1090 2870 prave
1100 2803 1178 2854 simul

134 2882 160 2926 et
171 2871 310 2938 infeliciter
320 2882 419 2941 pessum
430 2883 476 2926 est.
500 2881 576 2943 atque
586 2875 641 2940 ipse
651 2889 752 2942 qaoque
761 2871 898 2925 titinnius
909 2871 978 2924 male
989 2887 1042 2922 rem
1054 2871 1178 2922 adversas

137 2941 259 2994 Cimbros
273 2942 363 3008 pessit,
381 2958 413 2994 uc
428 2941 556 3012 (senatus)
569 2943 660 3010 plures
678 2942 758 3010 lepes,
775 2956 842 3010 quae
853 2956 904 3008 per
920 2956 963 2992 eos
978 2954 1070 3005 annos,
1088 2937 1178 3007 quibus

135 3011 201 3062 liaeo
217 3010 238 3076 †
253 3009 467 3079 sipnificabantar
485 3011 597 3078 populo,
618 3011 688 3062 latae
708 3017 796 3074 erant,
816 3007 908 3076 quibis
927 3007 1033 3058 militiae
1052 3005 1179 3072 stipendia

134 3077 332 3142 minuebantur,
349 3078 489 3145 abropaait.
526 3079 548 3130 b.
568 3085 632 3146 puto
648 3093 693 3129 vos
708 3077 849 3142 reminisci,
866 3077 913 3128 lias
928 3091 983 3126 esse
997 3076 1066 3140 lepis
1080 3073 1178 3137 Livias,

136 3162 205 3216 quas
217 3144 271 3198 illis
283 3146 429 3198 consulibus
440 3145 481 3198 M.
492 3145 582 3198 Livias
593 3145 706 3211 Dianas,
720 3145 836 3196 tribunus
844 3143 934 3212 plebis,
948 3143 1041 3194 tulerit.
1064 3141 1111 3210 qui
1120 3156 1179 3192 cum

137 3221 256 3267 senatus
266 3221 359 3281 partes
379 3215 487 3266 tuendas
506 3213 658 3281 suscepisset
677 3220 702 3265 et
725 3215 793 3280 lepis
813 3229 866 3281 pro
887 3209 1049 3280 optimatibus
1072 3209 1177 3274 tulisset,

136 3291 230 3350 postea
246 3297 276 3332 eo
292 3281 410 3334 licentiae
425 3290 462 3334 est
482 3298 651 3350 propterera,
674 3289 703 3333 at
723 3281 823 3334 nullum
843 3280 871 3332 in
886 3279 925 3332 liis
944 3293 1041 3330 morem
1056 3285 1177 3329 seraaret.

137 3349 228 3418 itaque
237 3349 374 3417 Philippus
385 3351 489 3416 consul,
506 3351 552 3419 qai
560 3350 586 3402 ei
595 3348 713 3401 inimicas
725 3355 794 3414 erat,
811 3347 917 3412 obtinuit
928 3363 946 3399 a
957 3354 1060 3410 senatu,
1072 3354 1100 3398 ut
1112 3346 1179 3415 loyes

136 3419 193 3471 eius
209 3433 299 3469 omnes
315 3435 366 3468 uno
383 3425 487 3470 senaim
498 3419 614 3470 consulto
631 3418 790 3470 tollerentur.
815 3417 944 3469 decretum
959 3421 997 3468 est
1008 3414 1075 3468 enim
1087 3424 1180 3468 contra

136 3485 261 3552 auspicia
272 3501 327 3537 esse
338 3487 407 3537 latas
418 3503 500 3554 neque
515 3485 547 3538 iis
558 3486 640 3538 teneri
648 3486 780 3552 populum.
817 3501 839 3538 c.
856 3485 898 3537 lec
912 3485 975 3536 bare
988 3483 1134 3552 Calpurnia
1149 3485 1181 3538 tle

138 3554 240 3606 ambitu
255 3561 328 3618 erat;
344 3554 440 3606 tulerat
454 3570 512 3606 eam
527 3561 587 3606 ante
604 3553 731 3605 biennium
746 3552 773 3606 C.
788 3552 948 3620 Calpurnius
958 3553 1021 3606 Piso
1033 3554 1135 3618 consul,
1153 3552 1181 3604 in

138 3639 194 3692 qua
202 3630 311 3690 praeter
323 3621 391 3674 alias
399 3637 500 3689 poenas
507 3621 662 3690 pecuniaria
674 3624 774 3709 qapqtie
781 3636 869 3688 poena
880 3629 937 3672 erat
948 3620 1056 3673 admota

153 3717 207 3781 12.
235 3715 275 3780 Ρ.
298 3715 473 3780 Africanus
495 3716 548 3782 ille
574 3715 718 3802 superior
740 3715 856 3780 dicitur
877 3737 942 3780 non
963 3717 1066 3782 solum
1088 3739 1108 3780 a
1129 3739 1180 3779 sa·

91 3801 296 3888 pientissimis
308 3800 501 3879 hominibus,
519 3802 574 3885 qui
591 3811 773 3877 tumerent,
792 3823 903 3866 verum
918 3801 1012 3867 etiam
1026 3823 1046 3865 a
1059 3822 1094 3864 so
1110 3799 1180 3882 ipso

91 3908 185 3973 saepe
203 3896 373 3951 accusatus
391 3908 470 3963 esse,
489 3886 585 3970 quod,
603 3909 676 3952 oum
689 3886 799 3952 consul
813 3898 895 3953 esset
910 3898 985 3950 oum
992 3885 1043 3948 Ti.
1053 3883 1181 3968 Longo,

94 3993 203 4056 passus
223 3983 306 4037 esset
324 3981 393 4036 tum
409 3973 547 4057 primum
565 3995 584 4037 a
601 3971 746 4058 populari
764 3992 914 4037 consessu
932 3968 1088 4034 senatoria
1105 3970 1182 4033 sub-

96 4057 180 4123 sellia
198 4057 350 4143 separari.
