2714 4554
141 231 205 298 154

167 673 192 713 1'1

168 1429 193 1470 18

175 2164 192 2218 'l

167 2237 192 2276 ra

165 3407 192 3448 20

174 4063 193 4117 8

473 239 526 308 [Μ.
545 239 682 296 runnu
699 237 912 306 crosnorus]

209 378 354 434 aeternas
380 366 507 432 inurere
529 364 686 441 maculas,
714 384 794 448 quas
820 362 943 447 reliqua
964 361 1031 428 vita
1052 371 1110 428 tua
1132 362 1241 430 eluere
1338 373 1339 410 t

207 484 273 534 nou
295 461 422 547 posset?
448 479 552 543 neque
575 470 647 544 post
669 457 759 524 illum
778 457 929 522 dilectum
952 467 1081 521 senatus
1099 455 1241 523 vidimus

209 567 252 634 te,
269 556 332 622 nisi
350 555 432 621 forte
449 553 483 619 in
501 575 540 618 ea
557 563 589 619 te
607 563 712 619 eastra
726 552 900 630 oonieoisti,
918 573 983 636 quo
997 551 1100 617 omnis
1114 552 1242 618 sentina
1339 623 1340 640 χ

209 651 256 718 rei
273 651 420 738 publicae
438 647 644 715 confluxerat
689 657 723 712 at
739 647 826 712 idem
845 644 1015 723 Salustius,
1034 646 1091 730 qui
1108 645 1142 712 in
1158 669 1240 733 paee

208 770 250 813 ne
272 756 399 811 senator
421 742 551 827 quidem
573 751 748 817 manserat,
776 752 889 826 postea
915 761 1012 825 quam
1034 763 1085 806 res
1108 741 1240 826 publiea

209 839 304 906 armis
322 861 475 925 oppressa
492 848 542 902 est
558 848 592 904 et
608 835 866 916 idemlviotores
882 835 939 920 qui
957 835 1083 900 exsules
1101 834 1239 902 reduxit.
1340 851 1341 886 t

208 935 242 1000 in
259 944 407 1000 senatum
423 943 496 1018 post
510 941 714 1014 quaesturam
728 939 775 995 est
788 929 939 995 reduetus
944 954 953 1008 3
971 951 1068 1013 quem
1085 929 1240 996 honorem

207 1028 254 1094 ita
271 1027 385 1114 gessit,
407 1036 444 1092 ut
464 1024 544 1090 nihil
561 1025 595 1090 in
613 1046 651 1090 eo
669 1044 734 1088 non
752 1025 864 1089 venale
881 1021 1045 1100 habuerit,
1068 1023 1157 1090 ouius
1179 1024 1240 1092 ali·
1341 1039 1342 1130 ζ

209 1123 281 1207 quis
308 1132 432 1207 emptor
458 1119 563 1185 fuerit.
607 1119 652 1183 ita
678 1117 759 1204 egit,
785 1130 822 1183 ut
847 1117 928 1184 nihil
949 1139 1014 1183 non
1036 1139 1238 1202 aequumne

211 1238 321 1283 verum
339 1214 475 1291 duxerit,
494 1213 581 1297 quod
598 1212 659 1298 ipsi
677 1212 783 1278 faeere
801 1212 1006 1288 collibuisset,
1024 1232 1128 1296 neque
1147 1212 1240 1278 aliter

209 1313 338 1378 vexavit
355 1335 394 1378 ao
412 1310 536 1388 debuit,
559 1310 587 1376 si
609 1310 680 1394 quis
702 1310 841 1395 praedae
858 1310 928 1376 looo
946 1310 1170 1396 magistratum
1187 1333 1242 1378 ao·

211 1406 357 1493 cepisset
387 1418 518 1492 peraeta
535 1415 708 1491 quaestura
725 1417 837 1489 postea
854 1426 951 1489 quam
969 1428 1088 1491 magna
1103 1405 1242 1491 pignora

210 1502 256 1567 eis
274 1501 415 1577 dederat,
434 1523 508 1566 oum
522 1499 639 1585 quibus
656 1498 861 1565 similitudine
875 1499 959 1565 vitae
973 1522 1008 1564 se
1022 1500 1242 1577 coniunxerat,

210 1619 293 1663 unus
311 1597 375 1662 iam
398 1618 437 1662 ex
460 1596 515 1660 illo
533 1617 633 1680 grege
654 1594 839 1672 videbatur3
867 1595 934 1660 eius
951 1595 1038 1662 enim
1054 1595 1154 1681 partis
1173 1608 1242 1662 erat
1343 1659 1344 1672 ,

211 1689 385 1764 Salustius,
420 1709 484 1772 quo
520 1699 685 1772 tamquam
714 1688 749 1754 in
779 1711 877 1754 unam
912 1690 1098 1775 voraginem
1129 1702 1241 1759 coetus

209 1783 351 1850 omnium
366 1782 515 1848 vitiorum
529 1793 723 1850 exoesseratz
742 1783 896 1868 quioquid
908 1784 1153 1870 impudioorum,
1164 1785 1242 1870 oilo-

209 1901 297 1955 num,
317 1877 555 1962 parricidarum,
573 1878 812 1965 sacrilegorum,
830 1877 1010 1944 debitorum
1028 1877 1089 1943 fuit
1101 1878 1135 1944 in
1149 1879 1239 1956 urbe,

209 1971 401 2057 municipiis,
419 1971 561 2049 ooloniis,
574 1969 669 2037 Italia
686 1982 763 2050 tota,
782 1972 865 2038 siorn
877 1972 911 2036 in
927 1971 1016 2038 fretis
1029 1971 1240 2038 subsederant

209 2065 346 2132 nominis
372 2065 489 2153 perditi
512 2088 550 2132 ao
571 2066 744 2142 notissimi,
771 2067 860 2132 nulla
877 2065 910 2131 in
932 2077 1023 2154 parte
1040 2066 1151 2132 eastris
1173 2067 1241 2153 apti

209 2161 271 2227 nisi
296 2160 424 2228 lieentia
449 2160 598 2228 vitiorum
621 2171 653 2228 et
676 2160 849 2247 eupiditate
870 2183 978 2229 rerum
995 2182 1162 2226 novarum.
1206 2173 1241 2229 at

209 2266 322 2343 postea
340 2277 436 2341 quam
450 2267 578 2342 praetor
593 2267 642 2322 est
658 2255 774 2333 faetus,
793 2256 936 2324 modeste
954 2278 989 2322 se
1006 2255 1106 2342 gessit
1118 2265 1152 2322 et
1166 2255 1241 2321 abs·

209 2353 355 2420 tinenter.
398 2373 504 2418 nonne
522 2351 567 2416 ita
589 2351 787 2437 provinciam
805 2351 957 2428 vastavit,
985 2362 1021 2417 ut
1038 2351 1117 2418 nihil
1135 2373 1240 2436 neque
1345 2359 1346 2414 ἓ

209 2448 296 2534 passi
314 2447 378 2514 sint
394 2468 501 2532 neque
515 2445 730 2532 exspectarim
746 2446 877 2532 gravius
894 2444 928 2510 in
947 2445 1030 2511 bello
1045 2446 1123 2511 sosii
1140 2445 1242 2512 nostri

210 2563 308 2627 quam
331 2541 453 2628 experti
475 2552 550 2606 sunt
572 2541 607 2606 in
628 2562 709 2626 paee
730 2539 791 2606 hoo
812 2540 960 2606 Africam
980 2539 1162 2606 interiorem
1183 2540 1243 2606 ob-

209 2637 348 2702 tinente?
375 2636 461 2702 unde
483 2646 608 2701 tantum
629 2634 682 2700 hio
700 2634 862 2712 exhausit,
884 2644 1040 2718 quantum
1063 2635 1168 2720 potuit
1185 2645 1243 2702 aut

209 2729 274 2796 fide
295 2730 462 2794 nominum
483 2729 586 2795 traiioi
603 2740 660 2794 aut
681 2729 715 2793 iu
731 2750 831 2794 naves
849 2729 1009 2807 eontrudi;
1030 2739 1169 2805 tantum,
1192 2729 1242 2795 iu·

210 2843 323 2905 quam,
349 2831 456 2906 patres
479 2821 665 2908 conscripti,
694 2821 854 2898 exhausit,
881 2833 1036 2907 quantum
1059 2823 1172 2900 vohrit3
1198 2846 1242 2890 ue

210 2937 340 2981 eausam
364 2914 498 2992 diseret,
512 2913 665 2981 ‘sestertio
682 2915 877 2982 duodeciens
900 2938 974 2982 eum
991 2915 1132 2984 Caesare
1154 2917 1242 3004 pasi-

210 3009 318 3075 soitur.
363 3009 450 3092 quod
472 3009 500 3076 si
522 3009 687 3096 quidpiam
710 3031 820 3076 eorum
838 3011 955 3076 falsum
978 3023 1040 3089 est,
1062 3011 1112 3077 his
1135 3014 1241 3098 palam

210 3103 331 3181 refelle,
349 3103 446 3182 uude,
464 3103 520 3188 qui
537 3103 634 3169 modo
650 3127 692 3170 ne
710 3116 875 3191 paternam
893 3106 1023 3192 quidem
1041 3106 1174 3172 domum
1191 3129 1242 3174 re·

210 3197 330 3266 dimere
348 3197 503 3284 potueris,
526 3209 657 3283 repente
675 3209 840 3283 tamquam
858 3199 982 3266 somnio
1000 3201 1114 3266 beatus
1131 3201 1242 3268 hortos

209 3293 473 3379 preciosissimus,
495 3292 604 3358 villam
621 3293 750 3360 Tiburti
768 3291 808 3360 O.
828 3292 992 3373 Caesaris,
1010 3297 1149 3380 reliquas
1167 3318 1243 3382 pos·
1345 3337 1346 3356 2

210 3390 367 3454 sessiones
395 3388 566 3472 paraveris.
611 3410 716 3472 neque
737 3389 841 3475 piguit
863 3411 1017 3474 quaerere
1040 3413 1097 3456 our
1118 3411 1178 3474 ego
1199 3389 1241 3455 P.

210 3478 322 3546 Crassi
340 3481 470 3546 domum
489 3483 652 3560 emissem,
676 3505 749 3548 oum
768 3494 803 3548 tu
821 3484 890 3549 eius
908 3483 1003 3550 villae
1022 3484 1168 3550 dominus
1186 3482 1241 3559 sis,

210 3573 301 3638 ouius
332 3575 429 3659 paulo
456 3588 530 3643 ante
561 3577 623 3643 fuit
649 3575 779 3644 Caesar.
833 3577 946 3656 mode,
971 3578 1118 3662 inquam,
1143 3577 1243 3663 patri·

210 3668 318 3734 monio
339 3691 404 3734 non
427 3692 568 3747 comeso,
595 3673 653 3737 sed
679 3673 831 3739 devorato
853 3673 971 3757 quibus
993 3673 1169 3741 rationibus
1191 3695 1243 3738 re·

210 3774 306 3849 pente
329 3762 434 3830 faetus
457 3788 492 3830 es
513 3777 579 3831 tam
598 3767 741 3832 adfluens
760 3778 792 3834 et
813 3778 878 3833 tam
896 3767 1028 3834 beatus?
1071 3789 1147 3834 nam
1169 3766 1242 3852 quis

209 3869 242 3925 te
258 3858 378 3926 faceret
395 3859 558 3938 heredem,
574 3884 670 3946 quem
688 3884 730 3928 ne
748 3863 886 3928 amioum
902 3862 1033 3946 quidem
1052 3882 1147 3930 suum
1163 3860 1242 3928 satis

210 3953 379 4020 honestum
404 3954 574 4041 quisquam
601 3955 663 4021 sibi
689 3955 777 4021 dueit
801 3956 862 4022 nisi
889 3955 1062 4022 similises
1088 3979 1149 4043 par
1175 3955 1244 4022 tui?

211 4059 244 4113 at
266 4047 395 4118 heroule
418 4049 549 4138 egregia
571 4049 656 4118 faeta
679 4051 835 4118 maiorum
859 4062 987 4116 tuorum
1014 4062 1046 4118 te
1069 4051 1244 4119 extollunt:
