2714 4554
397 331 398 337 ’
515 323 766 381 FRAGMENTA.
1129 311 1189 375 131

105 441 215 496 historiis
231 440 353 512 dixerat,
370 459 411 512 se,
428 457 484 511 quo
499 443 610 514 facilius
625 444 689 498 illas
705 444 838 516 probaret
848 443 967 499 Romani
983 442 1103 499 hominis
1120 460 1189 514 esse,

104 509 196 564 idcirco
210 510 334 564 barbara
349 511 484 580 quaedam
500 516 529 565 et
544 512 653 568 soloeca
671 511 845 582 dispersisse:
867 512 943 582 apud
958 528 1003 566 me
1019 512 1123 582 siquid
1139 513 1193 568 erit

106 577 251 646 eiusmodi,
267 594 314 632 me
330 579 503 650 imprudente
517 578 569 635 erit
586 584 614 634 et
629 579 724 634 invito.
759 580 928 634 Latinumsi
943 579 1097 652 perfecero,
1114 581 1151 635 ad
1162 586 1191 636 te

104 647 207 702 mittem
241 645 357 702 tertium
377 649 477 717 poema
497 653 669 718 exspectato,
690 665 726 702 ne
742 649 816 771 <prod
833 664 921 722 genus
933 664 951 703 a
962 665 1006 702 me
1022 649 1084 719 ipso
1099 648 1191 703 laudis

104 729 172 770 meae
181 714 428 785 praetermittam.
464 715 583 770 Cicero
596 716 632 771 ad
643 717 703 772 Att.
715 716 740 786 I,
768 717 849 785 9,10.
862 723 899 786 (a.
910 733 939 772 u.
952 715 1023 786 694.)

157 785 186 849 2.
208 791 243 846 de
254 791 328 846 meis
338 791 457 863 scriptis,
469 791 532 846 misi
543 793 580 847 ad
591 797 620 848 te
625 791 733 849 Graece
743 793 897 864 perfectum
906 793 1078 849 consulatum
1085 811 1191 848 meum:

105 882 158 922 eum
167 867 268 922 librum
278 869 315 922 L.
329 867 452 924 Cossinio
469 869 542 924 dedi.
567 874 634 940 puto
649 875 680 926 te
691 870 801 925 Latinis
816 870 886 928 meis
899 871 1045 940 delectmi,
1062 871 1128 926 huic
1144 887 1192 926 au-

104 939 151 988 tem
162 933 268 991 Graeco
280 934 421 992 Graecum
436 937 569 993 invidere.
593 938 679 994 aliisi
691 939 860 1010 scripserint,
876 938 1017 994 mittemus
1028 940 1065 995 ad
1076 943 1119 1010 te,
1132 940 1191 1009 sed,

104 1002 161 1057 nihi
176 1005 271 1088 crede,
285 1005 369 1059 simul
385 1010 470 1128 abpue
484 1007 539 1061 hoc
549 1011 673 1062 nostrum
683 1007 825 1130 legerunt,
838 1007 932 1063 nescio
944 1022 999 1076 quo
1009 1013 1094 1080 pacto
1105 1013 1191 1063 retar-

105 1071 199 1128 dantur.
235 1071 356 1129 Cicero
368 1074 405 1128 ad
443 1079 475 1128 tt.
487 1074 511 1144 Ι,
523 1075 568 1145 20,
580 1076 604 1130 6.
618 1080 654 1144 (a.
666 1093 694 1130 u.
725 1077 778 1142 94.)

158 1143 188 1207 3.
207 1149 275 1204 Kal.
287 1150 377 1205 Iuniis
388 1153 465 1206 eunti
479 1150 550 1207 mihi
560 1153 678 1206 Antium
690 1158 719 1208 et
734 1153 903 1224 gladiatores
914 1152 954 1208 M.
967 1152 1075 1208 Metelli
1091 1152 1191 1224 cupide

103 1225 256 1295 relinquenti
272 1226 351 1281 venit
367 1227 477 1283 obviam
492 1233 556 1283 tuus
572 1245 653 1300 puer:
670 1229 695 1283 is
711 1228 781 1283 mihi
796 1229 903 1284 litteras
915 1245 933 1284 a
943 1234 973 1284 te
985 1233 1014 1284 et
1026 1235 1191 1284 commenta·

103 1293 165 1347 num
175 1297 334 1350 consulatus
349 1295 406 1351 mei
418 1295 526 1353 Graece
543 1297 675 1369 scriptum
686 1297 821 1366 reddidit3
837 1296 868 1350 in
879 1311 934 1365 quo
945 1297 1064 1352 laetatus
1076 1314 1136 1351 sum
1147 1313 1192 1352 me

103 1361 231 1432 aliquanto
242 1367 309 1418 unte
322 1363 358 1420 de
368 1363 458 1420 isdem
468 1365 552 1420 rebus
565 1364 672 1421 Graece
684 1366 752 1420 item
763 1365 896 1435 scriptum
907 1363 1009 1419 librum
1020 1365 1053 1419 L.
1068 1362 1192 1420 Cossinio

103 1430 134 1482 ad
146 1436 173 1486 te
186 1431 387 1502 perferundum
403 1433 526 1488 dedisses
545 1450 612 1488 nam
628 1433 652 1488 si
669 1449 722 1515 ego
737 1438 816 1487 tuum
832 1437 897 1487 ante
909 1433 1054 1504 legissem,
1070 1431 1192 1488 iuratum

103 1513 140 1552 me
149 1499 197 1554 abs
207 1505 236 1555 te
248 1515 312 1555 esse
325 1499 441 1556 diceres.
453 1518 566 1557 --meus
578 1506 672 1556 autem
683 1502 755 1557 hber
765 1506 854 1556 totum
862 1500 978 1556 Isocrati
989 1501 1190 1572 myrothecium

103 1570 176 1636 alque
195 1568 283 1623 omnis
304 1568 365 1624 eius
387 1567 584 1640 discipulorum
599 1570 708 1624 arculas
723 1585 758 1624 ac
772 1585 828 1625 non
843 1569 914 1624 nihil
930 1569 1015 1624 etiam
1030 1569 1193 1624 Aristotelia

103 1635 234 1754 pigmenta
249 1636 434 1720 consumpsit3
455 1653 538 1708 quem
553 1642 585 1692 tu
601 1637 752 1709 Corcyrae,
768 1642 801 1692 ut
818 1636 888 1692 mihi
908 1637 971 1692 aliis
991 1637 1091 1692 litteris
1107 1637 1192 1720 signi-

120 1719 173 1772 cas,
192 1704 310 1760 strictim
322 1705 454 1777 attigisti,
474 1710 538 1777 post
553 1710 659 1775 autem,
680 1711 712 1760 ut
727 1705 857 1776 arbitror,
874 1722 893 1760 a
904 1704 1028 1761 Cossinio
1045 1722 1110 1761 acce
1130 1707 1191 1776 rsti3

103 1784 176 1838 quem
192 1773 245 1828 tibi
265 1789 322 1845 ego
337 1789 393 1828 non
409 1789 499 1829 essem
514 1790 597 1829 ausus
612 1775 736 1856 mittere²
752 1773 806 1829 nisi
823 1789 886 1829 eum
901 1774 977 1829 lente
993 1789 1027 1830 ac
1046 1774 1112 1829 fastu
1134 1775 1191 1830 ‘ose

103 1839 287 1906 probavissem.
326 1855 495 1914 quemqnam
515 1843 553 1896 ad
572 1859 618 1898 mc
638 1843 750 1913 scripsit
768 1842 826 1898 iam
844 1842 945 1898 Rhodo
966 1842 1131 1898 Posidonius
1151 1859 1192 1914 se,

104 1911 213 1984 nostum
226 1909 299 1964 illud
316 1907 469 1977 ὑπόμνημα
485 1926 549 1965 cum
559 1911 680 1983 legeret,
692 1911 768 1980 quod
780 1927 833 1984 ego
844 1911 882 1966 ad
894 1927 966 1980 eum,
977 1915 1010 1965 ut
1021 1911 1145 1966 ornatius
1155 1911 1192 1966 de

103 1974 181 2030 isdem
189 1978 272 2033 rebus
284 1977 434 2048 scriberet,
450 1977 593 2048 miseram,
609 1995 665 2034 non
681 1980 762 2034 modo
773 1995 828 2034 non
840 1978 989 2034 excitatum
1000 1995 1061 2034 esse
1073 1979 1111 2034 ad
1127 1980 1192 2035 scri·

105 2041 220 2116 bendum,
240 2046 293 2101 sed
315 2046 401 2101 etiam
420 2047 504 2117 plane
524 2047 708 2118 perterritum.
733 2077 761 2089 ··
782 2052 827 2117 tu,
849 2048 873 2101 si
891 2047 944 2102 tibi
960 2047 1097 2118 placuerit
1111 2047 1192 2116 liber,

106 2112 200 2166 curabis
215 2119 247 2168 ut
265 2127 295 2169 et
305 2113 427 2169 Athenis
438 2115 476 2169 sit
492 2119 521 2170 et
535 2115 565 2169 in
581 2116 679 2171 ceteris
695 2116 807 2190 oppidis
825 2113 972 2172 Graeciae·
996 2115 1106 2172 videtur
1119 2117 1192 2172 enim

114 2262 128 2300 a
160 2197 174 2236 e
181 2181 296 2320 Quid
312 2183 413 2238 nostris
429 2183 513 2238 rebus
532 2183 602 2238 lucis
619 2183 738 2241 adferre.
776 2182 894 2239 Cicero
910 2155 1192 2255 adhc.11,1,1sq.

130 2265 169 2302 .u.
232 2291 237 2304 .

158 2320 187 2384 4.
208 2327 309 2399 scripsi
325 2327 411 2382 etiam
425 2327 550 2384 versibus
565 2329 616 2382 tris
631 2329 717 2397 libros
729 2328 765 2384 de
775 2328 946 2399 temporibus
958 2326 1042 2397 meis,
1054 2343 1122 2398 quos
1134 2329 1193 2384 iam

105 2399 210 2470 primum
220 2403 258 2458 ad
268 2410 299 2459 te
310 2403 456 2474 misissem,
469 2404 494 2459 si
505 2420 565 2460 esse
579 2405 700 2460 edendos
711 2410 853 2476 putassem
860 2435 897 2446 -
907 2405 972 2458 sunt
983 2403 1057 2458 enim
1066 2408 1153 2460 testes
1165 2411 1194 2460 et

106 2475 174 2524 erunt
187 2471 349 2543 sempiterni
365 2473 524 2528 meritorum
540 2488 608 2546 erga
622 2489 667 2528 me
681 2477 792 2528 tuomum
806 2485 942 2553 meaeque
955 2471 1070 2554 pietatis
1081 2502 1130 2541 —,
1142 2475 1192 2528 sed

105 2539 208 2596 verebar
217 2558 273 2596 non
285 2557 349 2611 eos,
366 2541 414 2612 qui
425 2557 456 2596 se
470 2541 561 2597 laesos
577 2541 777 2596 arbitrarentur
787 2569 823 2580 -
834 2545 937 2595 etemm
952 2539 983 2593 1d
999 2538 1057 2593 feci
1067 2555 1152 2610 parce
1165 2546 1194 2596 et

106 2607 211 2686 molliter
219 2639 268 2680 —-,
281 2608 334 2664 sed
346 2624 406 2679 eos,
423 2623 492 2678 quos
504 2613 565 2664 erat
579 2607 718 2664 infinitum
728 2608 800 2662 bene
818 2607 853 2662 de
864 2622 909 2662 me
921 2606 1034 2688 meritps
1045 2607 1134 2664 omnis
1144 2626 1193 2664 no·

106 2689 209 2746 marm
225 2691 299 2747 quos
314 2682 407 2732 tamen
418 2677 494 2748 ipsos
505 2677 600 2746 libros,
617 2675 642 2732 si
658 2691 752 2746 quem,
770 2675 815 2730 cui
830 2680 906 2731 recte
918 2679 1101 2748 eommlttem,
1116 2675 1192 2733 inre·

105 2746 293 2881 pepgupabo
309 2746 391 2882 pgotp
406 2745 594 2818 perferendos.
632 2743 749 2801 Cicero
765 2744 812 2814 (ad
826 2743 860 2798 P.
874 2743 1034 2815 Lentulum)
1050 2745 1087 2800 ad
1104 2743 1192 2802 famil.

26 2873 27 2882 χ
151 2851 158 2880 ,
202 2855 207 2866 .
230 2831 256 2868 a.
268 2831 300 2868 u.
367 2855 372 2867 .

159 2882 188 2947 5.
207 2895 240 2945 tu
250 2889 352 2947 scribis
367 2892 467 2961 po'e'ma
482 2891 518 2946 ab
531 2906 564 2946 eo
576 2887 717 2961 (Caesare)
729 2893 852 2944 nostrum
867 2888 988 2961 probari.
1025 2888 1143 2947 Cicero
1156 2893 1194 2948 ad

108 2960 135 3026 Q·
145 2962 176 3020 h.
187 2966 225 3036 Π,
237 2969 284 3038 13,
296 2967 321 3022 2.
334 2969 370 3035 (a.
383 2984 411 3022 u.
424 2967 496 3036 700.)

161 3035 189 3100 6.
209 3044 427 3113 quomodonam,
444 3042 482 3098 mi
497 3044 597 3113 irater,
615 3043 650 3098 de
666 3043 767 3098 nostris
782 3042 907 3098 versibus
919 3040 1040 3098 Caesari
1060 3061 1126 3097 nam
1137 3044 1193 3114 pri-

107 3131 171 3172 mum
179 3119 281 3204 librum
293 3136 323 3176 se
334 3121 437 3203 legisqe
449 3121 559 3203 scripsit
570 3121 607 3175 ad
618 3125 753 3202 meante,
766 3124 794 3175 et
804 3120 895 3192 prima
906 3119 960 3189 sic,
975 3124 1007 3174 ut
1018 3124 1104 3191 neget
1115 3135 1145 3174 se
1156 3133 1192 3204 ne

109 3182 204 3287 Graeca
218 3189 335 3270 qmdem
354 3190 470 3271 mehora
488 3189 736 3312 leglsseffirelhnllffia
751 3187 1049 3311 {puguepggmallotcppp
1065 3188 1194 3310 {pgvppt

107 3257 553 3407 lllluollgencllnmtllelltclttlltrivlrlhlll
567 3330 609 3380 est
620 3274 700 3394 lpuod
714 3274 842 3380 vlrearel
857 3339 911 3396 ego
927 3323 1001 3378 enim
1011 3338 1047 3378 ne
1062 3322 1121 3395 pilo
1133 3324 1193 3394 qui-

110 3385 163 3444 dem
172 3409 260 3449 nunus
271 3409 318 3448 me
329 3394 438 3449 amabo.
474 3391 592 3448 Csoero
604 3395 640 3448 ad
653 3393 687 3457 Q.
700 3392 734 3446 ir.
747 3392 878 3462 11,15,t.
892 3394 927 3461 (a.
939 3408 967 3447 u.
981 3392 1051 3461 700.)

164 3461 191 3527 7.
213 3471 249 3526 de
257 3471 415 3539 sconsulatu
434 3485 483 3526 suo
499 3467 616 3539 (Cicero)
629 3469 742 3541 scripsit
751 3469 862 3542 politico
874 3473 971 3539 metro,
985 3483 1057 3538 quae
1071 3469 1140 3525 mihi
1152 3468 1193 3524 ri-

111 3539 224 3604 dentnro
245 3547 396 3603 eraminus
407 3545 436 3602 di
476 3547 574 3602 stalis
585 3547 638 3601 riri
654 3546 774 3602 nomine.
809 3542 917 3602 Schol.
928 3545 1007 3602 Bob.
1020 3546 1130 3603 inerat.
1143 3563 1194 3617 pro

109 3605 212 3671 Plancio
224 3566 249 3688 ξ.
261 3615 304 3671 74.
316 3633 345 3688 p.
358 3616 419 3685 267,
448 3617 465 3672 9
477 3629 538 3686 sqq.
552 3617 597 3670 ed.
608 3620 728 3670 nostrae.

517 3754 548 3819 b.
592 3776 778 3820 moseum

462 3876 487 3908 c.
522 3872 705 3910 comunem
722 3871 828 3909 emor.

167 3919 195 3987 l.
218 3934 249 3984 tv
263 3935 304 4001 τῷ
325 3936 403 4003 περὶ
419 3928 583 3988 inaratae
604 3929 619 3986 ὁ
636 3937 762 4001 Κικέρων
781 3932 891 4001 νύκτωρ
912 3933 978 4001 φησὶ
998 3925 1049 3981 τὸν
1064 3925 1194 3996 Κράσσον

28 4056 33 4065 .
113 3997 264 4073 dentatas,
280 4007 351 4092 πρὸξ
365 4006 452 4065 αὐτὸν
468 4007 616 4076 ἐπιστολὴν
632 4012 782 4078 κομίζοντα
798 4006 833 4061 τὰ
849 4010 914 4128 trapi
930 4009 980 4058 τοῦ
992 4000 1125 4058 Κατιλίνα
1137 4002 1194 4070 tep-

27 4071 29 4148 Ι
113 4073 309 4199 {vtige'rrpbcds
328 4073 565 4200 ηδηθβιβαιοῦντα
585 4075 637 4145 τὴν
658 4081 841 4146 συνωμοσίαν.
905 4070 1081 4128 lutarchus
1102 4067 1193 4125 Crass.

129 4177 134 4190 ·
176 4157 233 4198 ·Cs
265 4160 321 4200 808·
334 4160 358 4200 C·
389 4186 396 4200 ι

927 4227 961 4281 9*
