2674 4558
503 265 756 326 FRAGMENTA.
1141 260 1184 324 25

141 386 191 454 20.
213 409 255 454 an
279 387 403 454 oblitus
421 412 470 467 es,
493 400 526 456 te
545 413 585 456 ex
602 413 668 469 me,
693 413 767 456 cum
786 404 971 478 praeturam
1014 404 1184 475 eteremus,

90 473 204 561 petisse,
226 485 265 540 ut
283 475 346 540 tibi
370 475 508 560 primum
529 477 637 542 locum
655 478 882 544 concederem?
909 499 975 563 quo
1016 501 1090 544 cum
1114 504 1184 548 sae·

89 560 147 646 pius
163 581 286 647 ageres,
306 571 341 626 et
359 561 577 646 impudentius
596 585 616 626 a
632 585 684 627 me
698 565 919 640 contenderes,
937 565 1112 630 meministi
1130 591 1182 633 me

89 646 134 710 tibi
148 647 360 732 respondere,
380 647 583 732 impudenter
605 658 637 712 te
655 646 777 726 facere,
801 650 858 733 qui
880 650 914 714 id
932 671 952 713 a
970 671 1023 716 me
1045 661 1183 736 peteme,

89 731 160 816 quod
176 753 195 796 a
211 742 244 797 te
262 731 412 797 Boculus
429 753 606 817 numquam
624 733 846 819 impetrasset?

174 833 288 886 dr'aimus
300 833 358 886 iam
370 850 466 902 supra,
479 835 573 888 Sullae
584 835 664 902 ludis,
681 852 747 904 quos
757 837 798 888 lu'c
807 845 917 904 propter
928 834 1067 890 a‘ctoriam
1083 835 1185 904 fecerit,

129 902 267 970 modriqas
294 901 326 955 C.
350 903 494 984 Apronium
517 911 541 956 et
565 903 632 955 aiios
653 905 782 1024 puosdam
805 905 903 986 aediles
926 903 1040 987 ltomines
1063 905 1211 986 usitasse*

126 977 261 1038 praetema
274 973 412 1024 Antonius
428 971 572 1040 redemptas
588 971 651 1024 ltalia
668 981 696 1024 at
708 973 741 1026 ab
758 989 864 1026 aerarm
880 975 1017 1042 uectigales
1032 975 1185 1042 quadrupes,

130 1055 202 1108 quam
214 1039 422 1108 redemptionem
434 1040 551 1092 senatori
560 1041 653 1092 habam
665 1041 724 1094 licet
730 1057 782 1108 per
798 1043 886 1110 leyem.
921 1040 973 1108 suit
985 1049 1071 1094 cutem
1082 1043 1185 1094 motusi-

128 1121 181 1158 mus
191 1106 220 1158 in
233 1107 308 1160 circo
323 1109 514 1178 quadricornem
527 1107 641 1176 ayitator
652 1109 778 1162 Boculus.

174 1175 235 1228 dicit
247 1177 281 1229 dc
293 1177 376 1230 malis
388 1177 498 1230 civibus:

140 1261 188 1327 21.
211 1263 270 1348 qui
289 1275 514 1350 posteaquam,
532 1261 647 1350 (quod)
663 1266 719 1329 illo
738 1265 844 1328 conati
867 1275 959 1329 erant
976 1264 1185 1350 Hispaniensi

88 1347 286 1432 pugiunculo,
311 1372 430 1414 nervos
452 1349 592 1416 incidere
611 1350 730 1416 civium
747 1349 968 1414 Romanorum
985 1371 1051 1413 non
1072 1361 1185 1434 potue·

88 1444 157 1508 runt,
173 1434 255 1498 duas
274 1448 346 1499 u'no
364 1447 507 1521 tempore
526 1447 684 1500 conantur
701 1435 735 1500 in
753 1434 1003 1519 rempublicam
1020 1433 1103 1499 sicas
1128 1434 1184 1499 de·

89 1518 235 1605 stringere.
369 1527 370 1530 ’

175 1621 398 1690 ‘Hispaniensem
406 1623 605 1690 papiunculum'
620 1623 667 1675 On.
681 1621 802 1675 Pisonem
815 1623 931 1690 appellat
935 1641 947 1687 ‚·
958 1637 1033 1692 quem
1044 1621 1073 1674 ia
1082 1621 1182 1690 Hispa-

127 1689 168 1740 nia
191 1691 311 1743 occisum
336 1707 391 1744 esse
411 1691 473 1744 dini.
509 1692 577 1744 duas
598 1690 669 1743 siem
688 1691 827 1745 Catilinam
848 1698 872 1743 et
888 1691 1031 1744 Antonium
1051 1689 1185 1760 appellari

130 1757 293 1824 manifestum
306 1765 353 1812 esi.

140 1841 189 1906 22.
212 1844 303 1910 hunc
322 1866 381 1910 vos
396 1844 508 1910 scitote
521 1844 685 1910 Licinium
702 1846 913 1932 gladiatorem
930 1845 995 1910 iam
1012 1845 1183 1912 immisisse

89 1927 111 2072 L
108 1927 247 2026 capillum
265 1927 429 1996 Catilinae
446 1930 544 1996 iudic.
564 1952 629 2016 qua
643 1930 685 2014 Q.
701 1954 739 1999 ve
751 1929 888 1998 Curium
906 1930 1070 1996 homiuem
1084 1953 1182 2014 quae·

112 2032 213 2079 onurn.

175 2115 272 2169 Curius
288 2117 329 2170 iric
341 2117 489 2170 notissimus
500 2115 551 2184 fuit
564 2119 675 2187 aleator,
688 2119 876 2188 damnatusque
889 2126 982 2186 postea
995 2125 1040 2170 est.
1076 2117 1104 2169 in
1115 2117 1183 2170 lunc

129 2191 162 2234 est
171 2183 405 2254 hendecasyllabos
416 2186 492 2238 Onici
503 2187 621 2254 elepans:

436 2271 460 2316 et
473 2263 532 2316 rata
547 2263 641 2316 Curius
649 2264 822 2333 pereruditus.

175 2337 232 2392 laic
244 2339 367 2394 crationi
378 2339 511 2394 Ciceroms
528 2349 552 2393 et
566 2340 681 2393 Catilina
693 2348 717 2393 et
727 2340 860 2393 Antonius
876 2339 1058 2391 contumeliose
1073 2354 1181 2406 respon-

132 2404 225 2474 derunt,
238 2408 312 2478 quod
322 2409 408 2462 scium
419 2416 548 2477 poterant,
561 2409 655 2462 invecti
665 2409 692 2460 ia
704 2409 843 2460 condatem
855 2409 917 2458 eius.
945 2407 1068 2472 suuntur
1079 2423 1183 2475 quoque

132 2477 256 2529 orationes
270 2477 376 2529 nomme
386 2477 493 2529 illorum
505 2477 600 2542 editoe,
618 2493 671 2528 nou
684 2476 718 2528 ab
730 2475 793 2544 ipsis
804 2475 932 2542 scriptae,
944 2475 990 2526 sed
1002 2473 1035 2525 alr
1049 2475 1183 2526 Ciceronis

125 2541 355 2612 obtrectatoribus,
380 2561 446 2615 quos
469 2544 555 2597 nescio
577 2561 613 2597 an
633 2544 716 2596 satius
737 2545 770 2595 sit
790 2544 923 2610 iquorare,
960 2549 1071 2592 ceruum
1090 2542 1181 2594 Cicero

133 2615 216 2666 sumt
228 2613 346 2666 omnium
362 2629 489 2666 consensu
504 2612 593 2680 sactus
605 2620 656 2665 est:
673 2611 805 2664 Antonius
818 2609 942 2678 pauculis
955 2608 1076 2660 ceitturiis
1089 2607 1180 2662 carai-

22 2691 23 2696 ’
131 2695 187 2732 nam
197 2681 341 2751 superavit,
354 2697 413 2735 cum
424 2681 450 2734 ei
455 2690 566 2750 propter
574 2681 662 2750 patris
674 2695 768 2732 nomen
776 2679 861 2747 paulo
869 2676 1010 2747 speciosior
1021 2693 1115 2732 manus
1124 2675 1180 2742 saf-

23 2751 25 2794 Ῑ
132 2745 234 2818 fruceta
245 2758 322 2818 esset,
334 2767 415 2821 quam
429 2750 567 2804 Catilinae.

316 2935 370 2991 tx,
406 2932 615 2994 ORATIONIS
632 2935 710 2990 PRO
730 2934 764 3000 Q.
785 2931 940 2990 GALLIO.

147 3039 174 3103 1.
195 3045 361 3120 tansorna
376 3047 435 3102 sne
450 3065 501 3120 pm
515 3045 609 3102 caus
621 3046 656 3100 se
669 3044 795 3102 conano
810 3044 961 3100 luxurioso:
982 3037 1019 3102 fit
1045 3008 1177 3112 elamor,

94 3119 124 3185 ln
138 3128 307 3193 convitium
324 3121 505 3204 mulierum,
523 3125 560 3191 fit
578 3125 786 3212 symphoniae
802 3135 924 3190 cantus.
951 3121 1085 3188 videbar
1101 3121 1181 3186 mihi

96 3207 187 3278 videre
205 3215 285 3280 alios
307 3213 477 3290 intrantes,
501 3212 579 3278 alios
603 3225 711 3277 autem
734 3220 886 3276 exeuntes
909 3207 1025 3294 partim
1043 3230 1084 3273 ex
1105 3207 1180 3272 vino

68 3368 76 3379 „
95 3294 276 3375 vacillantes,
293 3298 410 3383 partim
427 3297 576 3364 hesterna
616 3298 756 3363 otatione
775 3296 954 3360 oscitantes.
991 3293 1181 3359 versabatur

69 3429 74 3435 .
96 3375 164 3446 inter
178 3383 237 3449 hos
248 3383 375 3449 Gallius
388 3383 561 3468 unguentis
576 3321 704 3460 allitus,
721 3381 888 3447 redimitus
904 3377 1043 3444 coronis:
1062 3380 1181 3479 humus

69 3483 76 3545 j
96 3477 153 3530 erat
168 3466 361 3554 [immunda]
380 3469 540 3535 lutulenta
556 3469 647 3546 vino,
670 3467 794 3536 coronis
819 3463 1012 3551 languidulis
1031 3474 1063 3529 et
1080 3464 1181 3549 spims

67 3566 127 3612 '00
180 3567 230 3620 rta
247 3555 393 3691 piscium.
430 3556 663 3630 Aquila23,12
675 3559 719 3613 ed.
732 3557 825 3612 Halm.
843 3557 879 3610 cf,
897 3555 991 3620 Quint.
1004 3555 1085 3625 vffl,
1098 3556 1124 3625 3,
1137 3553 1180 3610 66.
1282 3565 1289 3585 ·

68 3623 138 3708 jn,
166 3639 244 3709 aas,
272 3635 650 3707 anstrannum.
876 3687 877 3690 i

65 3730 76 3775 .·
150 3707 178 3771 2.
198 3712 238 3768 M.
244 3712 429 3769 Tullius-in
441 3713 564 3769 oratione
576 3730 627 3784 pro
640 3711 673 3779 Q.
680 3709 774 3791 Gallio
786 3708 853 3782 quid
865 3708 900 3764 de
912 3707 1007 3762 favore
1018 3707 1094 3778 volgi
1105 3710 1134 3760 et
1146 3706 1183 3781 de

69 3781 72 3798 ⁸
97 3781 218 3910 iiim&
241 3789 648 3914 ⁰⁰¹lfi⁰¹iig⁰ssilbu⁸1¹1¹¹⁸i1u²1t
667 3787 790 3910 attenfde.
834 3785 871 3840 D.
892 3785 1121 3854 Hieronymus
1144 3780 1182 3834 ad

132 3865 317 4010 pinnipuriicoi
328 3875 471 3992 dccciii
487 3873 734 4004 sienismoiinii
749 3895 859 3988 mus
879 3931 910 3984 in
932 3925 1102 3996 Gallia<ns>z
1125 3917 1182 4022 (pul

99 4031 197 4096 Spurce
211 4019 332 4083 dictum
346 4026 632 4083 commemorarent
644 4015 678 4080 in
691 4013 793 4080 libera
806 4010 944 4077 civitate.
962 4009 1182 4080 Eugraphrus

98 4089 239 4156 intereat.
251 4099 322 4156 Eun.
334 4099 374 4172 11,
385 4101 412 4170 2,
423 4101 450 4154 a
