2714 4554
535 303 786 363 FRAGMENTA.

105 426 202 494 imber
220 428 288 502 erit,
307 429 400 512 nipro
418 430 447 493 si
462 430 503 493 sit
519 431 641 493 variata
658 431 764 494 colore.

108 525 246 600 tempora
262 514 318 578 sed
335 515 449 578 dandis
466 537 529 579 non
545 525 616 578 ssent
628 518 725 600 paria
743 517 847 580 omnia
864 519 970 603 sipnis.

108 621 182 662 nam
199 618 279 684 qaas
297 609 412 684 quarta
430 599 500 664 tnb't
515 598 636 664 Phoebe
652 601 700 664 cei
716 602 814 677 tertia,
832 604 947 668 darant

110 685 272 749 dimidiam
290 685 333 748 ad
350 684 466 760 lunam,
484 706 563 772 qaae
579 686 719 762 dimidia,
737 688 841 752 omnia
858 690 984 754 undant

109 772 151 834 ad
162 770 293 855 plenam
298 791 310 844 ,·
327 789 406 856 qaae
417 770 515 856 plene
531 772 624 848 dedit,
642 782 776 857 spectare
791 774 932 839 videntur

110 856 273 920 dimidiam
290 877 422 930 mnsam,
440 865 470 920 et
486 877 564 943 qaas
582 866 653 920 tnnc
663 857 851 943 praebentur
868 859 907 923 eb
924 860 990 936 illa,

110 941 238 1026 arripiet
254 939 432 1005 moribundi
448 952 631 1026 autquarta
647 953 702 1006 aut
717 945 808 1008 tertia
824 947 943 1009 mensis.

110 1025 266 1112 siparilis
285 1036 380 1090 totans
396 1025 535 1092 Latoida
551 1027 681 1091 circatas
697 1028 802 1104 ambit,

110 1121 165 1176 acet
182 1112 263 1176 terni
277 1112 426 1196 peminive
442 1121 571 1198 unaque
587 1133 624 1177 ea
635 1123 728 1198 parte
745 1113 852 1190 iocati·

109 1197 218 1260 anina
236 1207 291 1260 eat
306 1207 409 1261 centos
426 1197 514 1262 nobis
531 1207 586 1262 ant
601 1198 718 1262 indicat
733 1199 887 1268 aethram:

5 1295 6 1302 ’
110 1283 254 1367 dtmpss
270 1292 383 1357 ventos,
401 1283 547 1348 evanidas
563 1283 680 1348 indicat
697 1283 844 1360 aethram,

110 1366 279 1453 horriferos
295 1367 414 1432 nimbos
429 1370 601 1454 peminatas
612 1381 794 1455 praemonet
810 1370 902 1445 orbis,

109 1454 300 1538 maioresque
317 1452 413 1517 trabit
429 1455 586 1540 tn'piicata
601 1477 714 1519 corona
725 1455 894 1540 procellass

109 1539 253 1614 maiores,
269 1539 300 1602 si
315 1539 408 1624 niqra
422 1540 509 1613 iacet,
526 1541 556 1604 si
571 1541 722 1604 scinditur
737 1539 829 1605 ultra.

110 1623 186 1688 baec
203 1622 325 1688 tibiaci
341 1626 451 1690 mensis
468 1625 517 1690 ael
532 1623 652 1690 Pboebe
667 1636 823 1690 mensnua
840 1628 948 1692 dicent.

110 1729 166 1774 nce
183 1705 286 1774 Solem
300 1711 425 1795 pernina
440 1720 575 1796 spectare
590 1712 626 1776 in
643 1710 741 1776 litoris
758 1723 828 1777 acta

107 1795 279 1881 poeniteat:
296 1793 398 1861 Solem
414 1797 581 1860 crisima
597 1797 688 1882 sipna
704 1809 883 1883 sequentur.-

111 1903 180 1944 esrm
196 1891 300 1966 serpet
313 1881 424 1966 pelidis
441 1891 470 1946 ct
486 1902 553 1945 cam
569 1902 602 1946 se
618 1883 724 1946 condet
739 1883 774 1947 in
790 1886 893 1949 aredis.

111 1965 209 2030 nolim
225 1965 454 2041 interstinctam,
473 1988 540 2030 cnm
557 1967 669 2032 deseret
685 1987 827 2053 aequora,
847 1969 939 2035 lacem

112 2071 240 2126 ennae,
257 2053 287 2115 si
303 2049 388 2117 Soles
406 2062 506 2137 optem
522 2049 646 2117 radiare
661 2073 797 2130 serenos,-

112 2136 219 2201 mabim
236 2159 332 2200 anam
348 2136 442 2201 nullis
458 2137 587 2202 maculis
603 2149 737 2223 spectare
755 2139 899 2206 celarem:

113 2223 141 2286 si
157 2223 232 2308 iupa
249 2223 351 2286 demat
367 2223 452 2308 eqnis
466 2233 578 2311 pacato
597 2224 710 2289 lamine
730 2226 832 2300 Titan,

6 2305 8 2376 ζ
115 2307 245 2373 blanden
262 2317 291 2372 et
307 2305 490 2392 Hesperium
506 2307 612 2374 subeat
628 2310 693 2374 sine
709 2310 840 2375 nabibus
857 2332 980 2398 aequor,

107 2391 243 2478 paleira
259 2413 365 2457 serena
382 2393 430 2458 die
441 2395 559 2479 poteris
574 2415 698 2480 sperare
714 2397 859 2482 sequenti.

112 2500 176 2542 non
192 2480 239 2542 ita
255 2479 285 2542 si
299 2498 423 2542 recasns
439 2501 556 2545 summa
574 2481 611 2544 de
627 2481 766 2565 marpine
782 2491 898 2564 serpat,

108 2563 234 2650 salpeat
249 2573 304 2628 aret
320 2565 437 2714 spprsis
455 2567 568 2629 radiis:
579 2585 659 2650 pars
677 2566 781 2630 tendat
798 2567 841 2628 ad
855 2565 1014 2638 Austrum,

109 2671 189 2733 pars
206 2659 255 2713 eat
272 2651 316 2714 aci
365 2670 456 2714 oreen
472 2651 589 2714 medias
610 2669 647 2714 ae
663 2651 800 2714 renideat
816 2649 914 2725 orbiss

6 2737 7 2740 ’
115 2746 186 2798 tane
203 2745 257 2799 aut
274 2746 427 2819 suspectas
445 2735 502 2800 tibi
517 2737 558 2800 sit
611 2745 679 2800 etas
695 2745 751 2798 ant
764 2737 869 2820 praeis
885 2735 990 2800 imber.

114 2830 148 2884 at
165 2819 278 2895 rideas,
295 2819 430 2885 subsitae
446 2841 501 2884 suc
520 2822 574 2884 lua
589 2820 752 2906 spiendida
769 2818 845 2896 Soli,

114 2907 229 2990 inspice
247 2903 348 2970 Solem
364 2907 466 2991 ipssan
483 2903 630 2992 (namque
645 2906 673 2969 is
691 2907 873 2971 certissimae
891 2904 1020 2992 auctor),

114 2992 239 3138 inspice,
258 3013 332 3055 num
348 2990 455 3055 rubeat
472 2991 564 3078 (fieri
580 2993 664 3076 quoe
678 3012 769 3076 saepe
784 2993 933 3056 videmus:

115 3097 163 3140 ere
183 3097 216 3140 cr
233 3077 314 3141 enim
331 3077 429 3142 edunt
446 3087 601 3141 eorstracta
617 3077 697 3142 nabe
712 3076 883 3162 rnborems)

114 3184 157 3224 an
174 3162 262 3247 niper
279 3160 414 3226 obscuret
422 3160 555 3247 faeiem:
571 3163 658 3247 niper
673 3164 790 3227 indicat
806 3163 926 3237 imbres,

113 3246 210 3310 rubra
232 3267 270 3311 ne
285 3258 425 3311 venturos
442 3248 553 3332 specics
571 3249 729 3312 denuntiat
745 3247 861 3312 Euros.

114 3333 163 3396 sin
180 3268 272 3396 ruber
287 3333 412 3418 incipiet
429 3331 512 3396 color
527 3332 721 3397 inmiscerier
738 3344 815 3406 etro,

113 3419 220 3482 emnia
237 3428 309 3482 tunc
323 3417 428 3482 Borea
440 3417 561 3503 pariter
575 3417 740 3503 pluviaque
757 3417 873 3482 videbis

106 3503 244 3588 serpere:
261 3504 311 3567 sin
327 3503 411 3566 radii
427 3511 533 3567 coeant
549 3514 739 3588 crescantque
756 3503 813 3568 sub
830 3525 934 3577 anum,

113 3611 181 3652 cren
196 3588 308 3674 priapo
330 3589 423 3652 Titan
441 3589 563 3652 terrisve
580 3589 747 3653 admoverit
763 3587 874 3662 orben,

113 3685 167 3738 ant
185 3675 281 3738 lateat
296 3673 392 3738 rictus
403 3693 464 3759 per
480 3672 597 3748 nubila,
615 3676 677 3738 sire
693 3672 798 3738 relicta

114 3771 198 3824 nacte
211 3769 319 3844 petens
337 3759 440 3833 tarem,
459 3779 511 3824 seu
527 3769 643 3824 noctem
662 3759 724 3823 iace
740 3760 855 3834 relicta,

112 3845 169 3909 illa
186 3845 252 3908 dies
264 3843 390 3929 pluvias
407 3854 436 3908 et
453 3865 531 3930 qaae
548 3855 687 3910 nascetur
703 3843 743 3908 ab
760 3845 817 3908 illa

108 3930 265 4016 proferet:
281 3928 352 3993 Eoo
370 3949 424 3994 nec
440 3931 469 3994 si
480 3932 662 4015 parantia
679 3929 762 3994 caelo

114 4016 223 4080 nubila
240 4011 299 4079 Sol
313 4016 411 4078 radiis
423 4016 508 4100 picto
527 4016 676 4079 disiecerit
693 4025 785 4088 astro,

7 4153 9 4158 .
112 4103 154 4166 a's
164 4101 297 4186 pluviae
313 4101 456 4185 ipnarns:
473 4103 501 4165 si
517 4122 548 4165 sc
570 4101 711 4165 Titanius
729 4099 811 4164 orbis

1148 297 1209 362 121
