2674 4558
519 260 767 318 FRAGMENTA.
1169 255 1191 320 9

92 396 214 460 quaestor
229 385 321 452 suant
333 385 404 452 apud
418 385 485 437 duas
509 422 581 437 ......
606 384 725 436 decurias
742 384 853 454 equitum
865 385 940 440 Rom.
965 395 989 440 et
1005 388 1107 440 tribuno
1130 430 1191 443 .....

95 467 117 511 et
127 474 158 509 ea
170 456 249 508 tertia
266 470 367 523 quoque
378 461 458 521 parte
471 491 543 505 ......
558 454 629 520 apud
640 455 779 522 plerosque
790 456 901 522 exceptis
918 455 949 507 iis
963 495 1035 509 ......
1048 456 1193 523 familiaris

87 527 240 594 princepum
252 522 371 574 ciuitatis.
406 537 448 573 res
461 529 520 573 aeta
532 529 569 573 est
584 537 679 590 mapno
692 531 817 573 conuentu
832 539 979 604 mapnaque
995 527 1192 594 cospectatione,

91 593 146 664 quis
157 601 265 646 euentus
277 589 369 642 iudicii
377 589 483 656 futurus
492 598 559 654 esset
572 629 645 641 ......
670 591 801 642 asummis
814 591 875 644 uiris
886 592 937 644 dice
949 593 1119 646 testimonium
1130 635 1190 648 .....

90 673 113 715 et
132 661 171 727 id,
195 661 268 730 quod
284 660 448 724 adicerent,
470 659 589 729 confiteri
603 657 847 712 animadvertebant.
883 669 965 714 exstat
981 662 1064 714 oratio
1082 662 1195 716 Cominii

91 729 265 794 accusatoris,
282 743 362 798 quam
373 743 475 779 sumne
487 726 514 778 in
526 743 620 778 manus
632 735 669 778 est
681 728 788 796 aliquod
799 745 892 796 operae
903 729 1026 796 pretium,
1042 747 1095 782 non
1108 733 1192 783 solum

83 808 198 868 propter
214 795 349 851 Ciceroni
362 796 505 860 orationes,
523 811 589 864 quas
599 811 648 862 pro
664 795 783 848 Cornelio
795 786 927 862 labemus,
941 798 987 849 sed
997 797 1073 851 etiam
1081 809 1193 868 propter

89 875 167 920 sanet
183 869 279 934 msam.
299 905 300 908 η
318 864 408 917 Cicero
424 863 480 931 ipse
494 863 624 934 sipnificat
639 863 777 933 quatriduo
793 865 939 918 Cornelium
952 865 1095 934 defendisse
1100 886 1111 932 ;
1125 885 1193 936 quas

89 937 205 988 actiones
224 933 366 986 contulisse
387 949 444 985 eum
460 931 488 984 in
509 933 575 984 duas
596 933 727 984 orationes
743 942 861 1000 apparet.
896 935 1019 986 iudicium
1036 936 1064 986 id
1079 939 1194 989 exercuit

91 1006 120 1065 Q.
135 1005 249 1058 Gallius
258 1010 376 1071 praetor.

507 1099 778 1156 ENARRATIO.

153 1210 186 1274 1.
210 1207 394 1294 postulatur
406 1229 457 1271 me
471 1217 615 1292 praetore
631 1207 769 1292 primum
785 1208 824 1273 de
838 1209 981 1292 pecuniis
997 1211 1192 1296 repetundis.

87 1307 276 1382 prospectat
294 1292 442 1358 videlicet
453 1290 630 1368 Cominius,
648 1293 726 1375 quid
741 1304 865 1378 agatur,
883 1293 1031 1359 videlicet
1048 1296 1192 1362 homines

88 1383 222 1446 faeneos
241 1379 277 1442 in
296 1377 438 1442 medium
455 1379 495 1442 ad
514 1379 701 1443 tentandum
719 1378 896 1463 perieulum
913 1379 1036 1462 proicit.

193 1496 274 1532 uersu
291 1497 308 1532 a
326 1480 413 1546 primo
431 1479 532 1531 circiter
551 1479 644 1533 CLXI.
660 1479 805 1532 simulacra
820 1477 906 1549 effipia
921 1481 1051 1534 hominum
1068 1498 1100 1534 ec
1115 1479 1195 1546 foeno

137 1548 351 1670 lfdddlsldlebam’
375 1547 466 1618 quibus
488 1547 590 1599 mecm
607 1549 642 1599 ad
657 1549 833 1618 Ψααθῑιῖῑιῒη
844 1549 1023 1616 praebendum
1046 1550 1119 1602 tauri
1132 1550 1193 1602 irri-

153 1705 189 1770 2.
212 1703 311 1787 quid?
338 1701 490 1768 Metellus
509 1725 633 1767 summa
655 1703 820 1768 nobilitate
839 1727 877 1768 ao
894 1704 1026 1781 virtute,
1050 1705 1193 1772 cumbis

86 1791 241 1866 iurasset,
257 1789 355 1854 semel
367 1787 516 1872 privatim
530 1788 622 1873 patri,
635 1786 777 1876 (iterum)
786 1790 913 1874 publice
931 1791 1037 1876 †legis
1052 1791 1195 1858 deiectus

88 1888 139 1942 est
161 1874 290 1939 ratione
313 1897 353 1938 an
377 1873 409 1937 vi
434 1870 502 1958 [en]
529 1874 595 1938 veri
618 1921 703 1939 ......
728 1875 936 1960 suspitionem
958 1899 1085 1955 omnem
1113 1876 1194 1940 tollit

88 1957 277 2046 (Curionis)
295 1959 394 2023 virtus
413 1979 451 2022 aa
469 1958 608 2042 dignitas
627 1971 657 2024 et
675 1957 717 2040 Q.
731 1960 857 2026 Metelli
978 1962 1194 2028 adulescentia

90 2048 132 2112 sd
152 2067 316 2112 summam
334 2043 462 2108 laudem
481 2044 629 2109 omnibus
647 2045 743 2110 rebus
762 2058 883 2112 ornata.

199 2147 249 2197 ltoc
257 2145 404 2212 'enemplum
414 2142 492 2212 affert
503 2146 550 2196 loc
560 2147 626 2211 loco,
640 2147 708 2214 quod
719 2148 772 2199 uult
780 2148 897 2214 probare
907 2148 1028 2200 desistere
1040 2164 1096 2198 eum
1106 2147 1198 2199 debere

143 2215 183 2268 ab
203 2214 385 2266 accusatione:
405 2229 562 2282 quamquam
582 2231 664 2282 neque
684 2216 827 2280 accusant,
849 2233 931 2284 neque
951 2215 1013 2282 fecit
1030 2217 1195 2284 pactionem·

145 2300 210 2336 nam
228 2282 351 2335 Metellus
366 2289 390 2333 et
406 2283 587 2348 postulaverat
606 2283 742 2338 Curionan
759 2293 783 2335 et
803 2285 941 2336 destiterat.
978 2282 1095 2350 consupit
1110 2293 1195 2336 autem

147 2359 244 2404 orator
256 2351 292 2402 ad
302 2349 405 2402 Metelli
414 2349 571 2402 nobilitatem
583 2359 607 2403 et
618 2352 654 2403 ad
667 2352 695 2404 C.
708 2351 829 2404 Curionis
841 2351 1005 2418 industriam,
1017 2361 1044 2402 ut
1057 2360 1150 2418 teperet
1161 2353 1196 2416 id,

91 2469 100 2485 ι
147 2419 220 2501 quod
235 2417 278 2470 illi
292 2419 379 2470 utilius
396 2434 474 2487 quam
490 2419 619 2470 honestius
636 2419 761 2484 fecerant.
796 2429 936 2472 rosentem
953 2428 1006 2471 tota
1018 2437 1045 2470 se
1061 2421 1098 2470 sic
1110 2421 1196 2472 labet:

148 2506 176 2540 en
188 2503 243 2558 qua
255 2487 356 2556 quidem
368 2487 434 2539 illud
445 2487 559 2554 primum
577 2489 757 2554 explicandum
769 2496 819 2552 est,
837 2489 930 2555 dequo
942 2487 1049 2538 Metello
1061 2487 1107 2537 ltoc
1119 2488 1197 2538 dicat.

146 2556 257 2623 fuerunt
270 2556 337 2608 enim
349 2563 410 2607 tunc
423 2557 513 2622 plures
528 2556 617 2616 Quinti
626 2557 738 2620 Metelli,
752 2555 885 2622 exquibus
897 2556 947 2606 duo
961 2555 1120 2619 consulares,
1132 2555 1198 2606 Pius

148 2634 172 2677 et
188 2623 318 2690 Creticus,
335 2624 366 2675 de
382 2623 473 2692 quibus
489 2633 598 2691 apparet
615 2641 672 2676 eum
683 2641 736 2674 non
749 2623 845 2687 dicere,
864 2623 914 2674 duo
927 2629 1012 2674 autem
1025 2621 1200 2674 adolescentes

148 2693 242 2762 Nepos
255 2699 279 2744 et
293 2693 379 2756 Celer,
396 2692 529 2761 exquibus
541 2709 611 2744 niune
623 2691 750 2758 Nepotem
765 2691 834 2758 sipni
853 2699 902 2742 cat.
920 2726 924 2736 κ
939 2689 993 2742 eius
1006 2689 1073 2742 enim
1084 2699 1196 2758 patrem,

151 2762 182 2821 Q.
195 2761 331 2813 Metellum
341 2760 476 2828 Nepotem,
488 2759 625 2812 Balearici
633 2761 725 2830 filium,
738 2759 817 2812 Mace
835 2759 905 2810 unici
914 2767 1037 2828 nepotem,
1051 2761 1097 2828 qui
1107 2761 1200 2811 consul

148 2829 201 2896 fuit
214 2845 273 2880 cum
285 2830 315 2880 Τ.
328 2829 421 2894 Didio,
442 2829 519 2880 Curio
532 2829 567 2894 is,
584 2830 676 2898 dequo
694 2827 819 2897 loquitur,
832 2829 979 2892 accusauit,·
994 2829 1065 2897 isque
1077 2827 1199 2880 Metellus

148 2898 265 2950 moriens
274 2897 347 2964 petiit
359 2897 393 2948 ab
404 2897 452 2948 loc
462 2897 519 2966 filio
531 2913 578 2948 suo
591 2897 705 2962 Metello,
718 2905 745 2948 ut
760 2897 908 2963 Curionem,
923 2905 1100 2948 accusatorem
1113 2912 1197 2961 suum,

150 2974 298 3031 accusaret,
310 2973 334 3016 et
346 2965 373 3016 id
388 2962 520 3030 facturum
537 2981 591 3016 esse
602 2965 770 3017 iureiurando
784 2966 875 3032 adepit.
911 2965 1033 3018 Metellus
1050 2963 1112 3031 feeit
1123 2981 1197 3016 reum

152 3033 308 3098 Curionem·
325 3050 432 3102 cumque
442 3033 545 3085 interim
557 3035 684 3102 quendam
696 3034 774 3086 civem
789 3034 855 3085 idem
868 3033 989 3086 Metellus
1005 3048 1107 3084 servum
1123 3049 1199 3084 suum

59 3132 62 3136 ·
150 3119 208 3156 esse
219 3102 375 3154 contendens
391 3103 417 3153 oi
427 3103 580 3169 arripuisset
592 3117 624 3154 ac
636 3101 781 3154 uerberibus
794 3099 931 3170 affecisset,
952 3102 1030 3154 Curio
1043 3107 1199 3152 assertorem

151 3173 176 3223 ei
186 3171 363 3238 comparavi,-
379 3170 437 3222 dein
449 3185 507 3222 cnm
519 3179 658 3238 appareret
669 3187 727 3222 eum
738 3171 833 3222 ercitum
845 3169 934 3222 iudicii
944 3169 1016 3222 illius
1031 3168 1158 3235 futurum,
1171 3176 1201 3219 ut

152 3239 217 3292 liber
228 3241 251 3290 is
263 3239 436 3303 iudicaretur,
453 3255 527 3306 quem
538 3238 661 3291 Metellus
676 3239 821 3291 unbemltus
833 3236 955 3306 affectum
968 3253 1021 3289 esse
1038 3253 1135 3304 nepare
1146 3255 1201 3289 non

149 3315 263 3376 poterat,
276 3306 343 3358 inter
354 3307 488 3360 Metellum
500 3315 523 3358 et
537 3307 674 3360 Curionem
685 3306 761 3373 facta
772 3307 791 3376 †
799 3307 922 3374 pactione
934 3306 1069 3358 arbitrium
1081 3307 1112 3358 de
1123 3307 1201 3358 liber-

153 3384 205 3428 tate
217 3392 343 3444 perapere
360 3413 515 3428 ............
532 3375 578 3427 sed
593 3385 677 3428 tamen
694 3375 739 3427 ille
754 3375 781 3427 in
797 3375 939 3428 libertatem
956 3375 986 3426 de
1003 3392 1053 3445 quo
1070 3383 1098 3426 ut
1118 3391 1202 3444 neque

151 3445 275 3498 Metellus
294 3452 423 3510 perstaret
443 3444 471 3495 in
491 3444 657 3512 accusatione
675 3444 808 3496 Curiorum
830 3461 910 3512 eaque
928 3445 1016 3510 pactio
1038 3443 1071 3495 ab
1092 3453 1202 3512 utroque

150 3515 261 3583 firmata
272 3520 317 3564 est.
352 3513 400 3564 ltuc
412 3528 474 3578 erpo
486 3512 552 3564 illud
563 3513 684 3580 pertinet,
697 3528 755 3564 cum
767 3512 869 3564 iurasse
880 3511 943 3564 dinit
954 3513 1033 3564 semel
1040 3512 1164 3579 privatim
1178 3517 1205 3562 et

152 3584 246 3634 iterum
258 3581 323 3648 lepe,
335 3587 388 3632 tum
399 3580 503 3646 sedicet,
516 3597 574 3632 cum
585 3580 612 3632 in
627 3581 764 3633 Curionem
777 3581 934 3632 salamiam
947 3581 1048 3632 iurauit.
1085 3597 1143 3632 cum
1154 3580 1203 3631 lico

152 3657 239 3703 autem
251 3649 358 3702 Metello
370 3657 464 3716 postea
477 3648 568 3701 Cicero
578 3649 723 3702 simultates
732 3649 811 3717 pessit
815 3667 826 3714 ,·
841 3649 921 3702 evasit
933 3649 1000 3700 enirn
1012 3647 1133 3701 Metellus
1145 3663 1202 3699 rna-

153 3719 196 3770 las
208 3727 286 3787 atque
297 3717 430 3784 improbus
443 3717 513 3769 ciuis.

166 3805 198 3869 3.
220 3806 337 3890 legem,
355 3803 472 3888 inquit,
492 3805 531 3870 de
549 3804 768 3870 libertinorum
786 3783 946 3890 suffragiis
966 3802 1136 3869 Cornelius
1160 3797 1203 3864 Ο.

99 3889 239 3955 Manilio
254 3890 351 3955 dedit.
378 3889 457 3972 quid
471 3901 518 3954 est
532 3890 602 3965 hoc,
621 3890 756 3955 ‘deditt'
776 3890 920 3976 impulit?
939 3913 980 3955 en
993 3884 1138 3974 rogavit?
1160 3907 1202 3949 an

100 3976 248 4041 hortatus
262 3975 331 4040 est?
348 3997 423 4040 nam
438 3975 562 4041 dedisse
576 3976 745 4041 ridiculum
760 3975 817 4054 est,
830 3977 922 4060 quasi
939 3976 1046 4058 legem
1062 3971 1204 4055 aliquam

100 4073 158 4137 eut
176 4059 442 4128 adscribendum
466 4061 627 4128 difficilem
645 4071 701 4127 aut
723 4060 765 4126 ed
787 4059 1034 4146 excogitandum
1058 4052 1204 4152 recondi·
