2674 4558
517 277 767 335 FRAGMENTA.
1152 266 1195 330 49

146 401 180 467 8.
206 405 316 474 πλοκὴ,
331 406 480 478 copulatio,
493 422 527 462 ca
539 405 629 480 figura
641 407 812 477 elocutionis,
824 407 855 462 in
867 423 922 480 qua
933 407 1009 463 idem
1019 410 1134 464 verbum
1147 415 1195 462 aut

81 509 196 563 nomen,
207 489 257 547 bis
267 491 400 546 continuo
407 492 536 563 positum,
549 493 658 548 diversa
667 491 816 565 significat,
828 498 860 548 nt
869 498 912 548 est
922 493 1004 548 illud:
1020 488 1076 554 sed
1089 501 1196 554 tamen

83 571 242 636 edilium
261 571 349 636 diem
366 571 542 637 Memmius
561 583 627 637 erat
645 573 831 638 Memmius.
866 577 995 649 Aquila
1010 577 1098 634 Rom.
1115 579 1139 651 ξ.
1152 579 1195 634 28.

105 657 171 716 .31,
185 655 203 709 8
216 653 264 708 ed.
277 653 372 708 Halm
406 653 596 708 Martianus
613 653 755 727 (lapella
771 654 806 710 de
817 656 888 710 rhet.
902 673 925 710 c.
938 655 981 711 40.
994 674 1022 727 p.
1035 656 1197 725 481,10ed.

114 723 184 778 alm.
211 723 250 777 cf.
264 721 572 792 dissonamus.

397 875 492 932 XVII.
527 875 583 930 AD
602 875 659 934 CN.
678 876 892 943 POMPEIUM.

156 983 190 1047 1.
212 988 262 1043 hic
277 993 310 1042 tu
325 987 474 1059 epistulam
489 1003 580 1042 meam
596 1004 680 1058 saepe
696 989 810 1060 recitas,
831 1007 914 1060 quam
931 1007 983 1062 ego
1000 991 1036 1044 ad
1052 988 1101 1045 Cn.
1114 988 1196 1045 Pom·

85 1066 190 1138 peium
202 1064 240 1120 de
257 1063 326 1120 meis
338 1066 421 1119 rebus
459 1065 525 1118 estis
538 1068 567 1118 et
582 1065 618 1119 de
630 1081 778 1120 summare
789 1066 903 1137 publica
914 1067 977 1120 misi
1008 1072 1036 1122 et
1053 1083 1087 1122 ex
1099 1083 1133 1121 ea
1145 1067 1196 1121 cri-

87 1151 156 1190 men
174 1133 292 1204 aliquod
306 1133 337 1187 in
347 1133 381 1187 P.
395 1131 414 1189 S
456 1150 501 1188 am
513 1134 631 1203 quaeris,
648 1138 678 1188 et
707 1134 731 1188 si
747 1133 868 1189 furorem
878 1107 1069 1190 incrediliilem
1084 1135 1196 1190 biennio

84 1207 157 1257 ante
171 1205 338 1272 conceptum
350 1201 473 1273 erupisse
485 1202 514 1256 in
526 1218 587 1256 meo
600 1173 743 1256 consuiatu
754 1203 860 1283 scripsi,
873 1219 917 1258 me
929 1203 982 1257 hoc
994 1205 1196 1258 demonstrasse

85 1271 179 1411 ἓίοὲῗ,
199 1269 306 1325 Sullam
320 1269 350 1324 in
365 1271 415 1324 illa
430 1269 516 1326 fuisse
532 1271 673 1340 superiore
691 1269 886 1324 coniuratione.
923 1269 1039 1326 Cicero
1055 1288 1106 1343 pro
1120 1270 1198 1326 Sulla

157 1411 193 1475 2.
215 1419 245 1470 te
257 1413 353 1470 aiebas
365 1414 400 1470 de
414 1413 469 1468 tuis
481 1413 564 1468 rebus
581 1415 669 1486 gestis
681 1414 772 1468 nullas
784 1414 891 1469 litteras
906 1415 1022 1485 misisse,
1040 1416 1114 1486 quod
1129 1416 1198 1470 mihi

84 1509 188 1563 meae,
225 1508 277 1546 uas
294 1489 331 1546 ad
347 1491 468 1573 {aliquem
484 1491 632 1572 misissem,
654 1490 822 1573 obfuissentg
843 1507 912 1561 quas
925 1508 978 1563 ego
989 1492 1057 1546 mihi
1074 1489 1197 1573 obfuisse

85 1579 148 1618 non
159 1562 221 1616 inte
244 1575 306 1640 ego,
317 1575 358 1613 rer
368 1558 498 1631 pubhcae
506 1560 587 1614 video
598 1559 730 1641 prcdesse
742 1564 872 1641 potmsse.
892 1556 1010 1641 Cicero
1022 1577 1072 1641 pro
1081 1560 1197 1614 Planc10

85 1631 171 1702 §.dia
199 1627 339 1700 significat
350 1625 497 1698 epistilam
508 1643 564 1682 non
574 1629 741 1683 mediocrem
753 1629 790 1682 ad
800 1633 889 1682 mutar
898 1628 1044 1684 voluminis
1056 1629 1108 1683 scri
1130 1634 1196 1699 tam,

109 1696 359 1778 namPompeioin
371 1695 515 1777 Asiamde
524 1697 607 1778 rebus
619 1697 676 1750 suis
684 1696 714 1778 in
723 1697 866 1752 consulatu
877 1697 964 1779 gestis
973 1697 1087 1752 miserat
1113 1713 1197 1766 icero,

122 1769 129 1781 “
150 1770 250 1834 nanto,
262 1770 294 1818 ut
304 1765 458 1834 ridebatur,
467 1765 629 1818 insolentius
642 1765 946 1837 scnptam,utPompe1
959 1767 1130 1822 stomachum
1142 1783 1196 1821 non

86 1853 137 1891 me
159 1834 273 1890 'center
285 1837 479 1903 commoveret,
492 1833 566 1903 quod
579 1833 699 1903 quadam
710 1834 869 1905 superbiore
882 1834 1015 1890 iactantia
1027 1835 1154 1890 omnibus
1167 1851 1196 1890 se

85 1904 225 1977 gloriosis
238 1901 354 1956 ducibus
371 1907 558 1972 anteponeret.
595 1901 743 1956 obfuerunt
759 1908 850 1957 autem
867 1919 976 1972 reuera,
992 1920 1058 1957 nam
1074 1903 1115 1956 sic
1131 1903 1197 1958 effe·

86 1979 170 2027 ctum
188 1976 232 2026 est
261 1975 293 2024 ut
309 1971 336 2052 ei
350 1970 500 2042 Pompeius
522 1974 617 2051 contra
634 1969 796 2026 Clodianam
816 1969 873 2024 vim
892 1987 948 2026 non
968 1972 1196 2042 patrocinaretur.

89 2040 205 2098 Schol.
218 2012 299 2094 liob.
310 2057 341 2092 m
352 2043 420 2094 orat.
433 2057 460 2110 p.
475 2038 592 2093 Plancio
603 2057 631 2109 p.
644 2039 696 2093 270
707 2056 748 2110 sq.
769 2040 811 2094 ed.
826 2039 873 2094 Or.

157 2113 192 2177 3.
215 2116 331 2188 excipit,
353 2115 484 2188 opprimit
502 2115 549 2169 vel
569 2116 754 2170 circumvenit.
793 2116 833 2170 M.
851 2115 960 2170 Tullius
981 2115 1018 2170 ad
1033 2115 1198 2188 Pompeium

88 2204 139 2258 lib.
152 2203 231 2258 1111:
252 2193 340 2281 quod
358 2196 385 2260 si
403 2207 465 2272 est,
483 2216 549 2259 non
572 2194 667 2260 modo
689 2195 751 2260 iter
767 2219 875 2261 meum
892 2195 1113 2273 interclusum,
1141 2195 1198 2260 sed

88 2283 269 2370 meipsum
282 2283 377 2368 plane
391 2291 560 2366 exceptum
574 2281 717 2366 putabat.
745 2292 773 2342 et
783 2304 904 2341 rursum:
918 2280 1072 2346 admoniti
1086 2303 1196 2345 sumus

89 2383 128 2434 ut
147 2390 338 2434 caveremus
356 2389 396 2432 ne
415 2367 633 2452 exciperemur
651 2389 670 2431 a
689 2364 839 2431 Caesare.
865 2371 994 2427 Nonius
1006 2389 1034 2442 p.
1047 2371 1107 2439 293,
1120 2372 1162 2425 19.

325 2533 433 2592 XVIII.
469 2531 746 2590 EPISTOLARUM
763 2531 970 2587 ΣΥΝΑΓΩΓΗ.

155 2655 286 2693 mearum
305 2636 483 2709 epistolarum
507 2636 584 2690 nulla
605 2640 649 2690 est
669 2636 826 2707 συναγωγή,
851 2633 901 2688 sed
921 2632 1008 2688 habet
1024 2632 1091 2688 Tiro
1112 2633 1199 2687 instar

89 2707 292 2789 septuaginta,
307 2712 337 2759 et
349 2705 463 2805 quidem
480 2709 544 2758 sunt
556 2709 617 2786 ante
630 2703 768 2774 quaedam
785 2703 949 2784 sumendae:
966 2717 1014 2756 eas
1027 2717 1042 2755 e
1063 2706 1199 2826 cofortet

91 2791 274 2847 perspiciam,
287 2790 436 2846 corrigam,
448 2778 508 2827 ann
521 2773 642 2843 demque
654 2773 778 2827 edentur.
798 2769 916 2826 Olcero
928 2771 965 2826 ad
975 2770 1035 2824 Att.
1077 2771 1104 2827 V
1120 2772 1162 2842 ,5,
1172 2773 1197 2826 5.

458 2925 540 2980 ΧΙΧ.
576 2925 631 2980 AD
649 2923 836 2984 ATTICUM.
902 2947 903 2952 ¹

160 3037 191 3100 1.
216 3038 283 3094 vid.
297 3053 380 3109 supra
390 3056 419 3109 p.
432 3037 475 3092 47.
487 3037 555 3092 XII.
567 3035 616 3091 lib.
628 3037 682 3091 ine.
695 3055 723 3090 n.
736 3037 760 3091 2.

160 3120 192 3184 2.
217 3116 459 3204 vectigaliomm
477 3119 574 3176 Cicero
590 3121 627 3177 ad
642 3121 774 3175 Atticum.
812 3119 988 3179 Charisius
1004 3138 1033 3191 p.
1051 3119 1110 3173 118.
1123 3118 1156 3172 P.
1169 3137 1198 3190 p.

94 3203 205 3336 14le
207 3199 317 3332 'egilii
340 3274 433 3330 dativo
458 3290 524 3328 casu
543 3273 619 3329 idem
639 3272 736 3329 Cicero
757 3274 827 3329 dixit
851 3274 888 3328 ad
906 3273 1044 3327 Atticum:
1068 3266 1199 3353 propius

95 3355 310 3446 grammatico
328 3353 457 3420 accessi.
477 3359 660 3414 Diomedes
671 3376 700 3430 p.
712 3359 773 3448 4053.
785 3358 819 3414 P.
831 3377 859 3430 p.
872 3359 934 3428 410,
945 3358 971 3412 8.
983 3355 1021 3412 K.
1042 3358 1092 3413 sed
1104 3357 1150 3412 hic
1161 3359 1200 3412 lo-

95 3461 146 3497 cus
159 3437 311 3496 admodum
321 3437 499 3509 perturbatus
511 3440 561 3492 est.
598 3434 634 3490 cf.
647 3436 710 3489 adn.
724 3439 783 3490 cnt.
797 3434 834 3490 ad
846 3433 903 3491 (iic.
917 3434 954 3489 ad
964 3434 1024 3488 Att.
1036 3433 1061 3504 I,
1074 3435 1116 3506 14,
1129 3436 1154 3489 3.

165 3601 235 3658 XX
270 3598 325 3656 AD
345 3598 532 3658 donemus.
568 3595 624 3654 AD
641 3596 838 3653 HERODEM.
874 3596 929 3651 AD
946 3596 1136 3655 PELOPEM.

164 3703 312 3760 ἐπιστολαὶ
329 3703 404 3775 παρὰ
425 3707 476 3757 τοῦ
493 3707 686 3770 Κικέρωνος
707 3702 759 3754 sisi
781 3699 865 3768 sepis
885 3697 1043 3772 Ἡρώδην,
1064 3705 1154 3769 ἕτεροι
1172 3697 1202 3750 δὲ

100 3783 172 3856 πρὸς
184 3782 238 3837 τὸν
248 3781 322 3836 οἷόν.
356 3786 509 3854 Γοργίαν
525 3776 557 3832 ii
568 3778 619 3833 τὸν
631 3778 735 3852 ῥήτορα
747 3779 908 3846 αἰτιώμενοι
921 3779 959 3835 aie
974 3776 1075 3844 ἡδονὰι
1087 3782 1134 3828 καὶ
1152 3777 1202 3827 πό-

102 3881 166 3918 τους
179 3858 317 3933 προάγειν
328 3857 362 3912 τὸ
373 3858 517 3930 μειράκιον
529 3855 678 3910 ἀπελαύνει
693 3857 741 3922 τῆς
758 3863 904 3910 συνουσίαι
916 3854 1011 3908 αὐτοῦ.
1047 3858 1093 3906 καὶ
1105 3849 1202 3915 upside

101 3933 171 4005 αὕτη
187 3957 219 3990 τι
231 3939 290 3989 τῶν
305 3933 465 4002 Ἑλληνικῶν
475 3940 526 4003 μία
539 3939 584 3988 καὶ
597 3931 712 4003 δευτέρα
730 3931 815 4004 πρὸς
833 3932 968 3986 Πέλοπα
983 3929 1035 3983 τὸν
1049 3929 1204 3991 Βυζάντιον

106 4019 134 4066 ἐν
153 4013 222 4086 ὀργῇ
247 4031 302 4066 τινι
316 4017 481 4085 γέγραπται,
502 4009 554 4065 τὸν
575 4013 628 4079 μὲν
643 4013 794 4081 Γοργίαν
814 4007 902 4063 αὐτοῦ
924 4004 1120 4092 προσηκόντως
1144 4007 1204 4058 ἐπι-

104 4093 275 4155 κόπτοντος,
292 4091 371 4159 εἴπερ
388 4077 422 4156 ἦν
438 4087 542 4160 φαῦλοι
558 4093 604 4142 καὶ
622 4085 782 4152 ἀκόλαστος,
803 4075 875 4160 ᾗπερ
894 4081 996 4145 ἐδόκει,
1018 4097 1089 4154 προς
1106 4079 1137 4135 δι’
1152 4081 1204 4136 τὸν

155 4173 353 4219 ueratrum
928 4167 948 4222 4
