2674 4558
198 257 220 322 2
542 273 580 326 Μ.
600 271 736 328 TULLII
755 267 954 326 CICERONIS

198 407 247 462 ter
261 394 438 472 audaciam,
456 405 582 482 praeter
596 395 777 472 amentiam,
796 416 869 460 cum
884 392 1046 458 fortissimi
1061 402 1092 460 et
1106 394 1300 460 ornatissin

201 479 262 569 [et]
280 482 351 566 ipsa
368 482 503 546 victoria
521 481 561 544 sit
577 481 685 544 testis?

263 569 314 631 12.
336 589 396 632 nec
413 567 605 631 mediocrem
622 565 708 630 inre
725 565 853 630 militari
871 588 975 643 usum,
992 565 1124 632 iudices.

264 653 315 717 13.
338 653 475 717 defendo
501 652 615 715 fortem
643 652 872 738 egregiumque
899 653 1017 728 virum,
1048 649 1163 736 magni
1196 650 1300 714 anim

198 740 314 805 summi
332 738 460 814 laboris,
479 737 588 821 optimi
607 737 728 802 consili.

265 825 315 887 14.
338 824 445 888 multis
469 823 510 886 ab
532 821 747 887 adulescentia
772 821 920 888 inbellis
947 821 1107 904 variisque
1134 832 1300 886 versatur

199 920 294 991 atque
320 907 353 971 in
384 908 493 992 primis
524 907 644 971 bonum
671 909 850 983 ductorem,
883 917 915 972 et
945 907 1122 982 hominem,
1156 916 1199 970 ut
1235 927 1300 971 ver

198 995 318 1070 dicam,
349 1015 496 1078 corpore,
527 994 633 1057 animo
660 994 779 1070 studio,
806 993 1035 1058 consuetudine
1060 1003 1178 1057 natum
1209 1003 1300 1074 atqu

199 1091 309 1165 aptum
328 1081 368 1144 ad
387 1090 530 1164 tempora
547 1079 623 1144 belli
640 1079 872 1162 militaremque
890 1079 1054 1144 rationem.
1125 1115 1126 1120 κ

264 1164 314 1228 15.
338 1164 413 1228 huic
431 1165 595 1228 hominum
618 1165 728 1251 generi
750 1165 885 1229 maiores
903 1165 1003 1228 nostri
1026 1164 1072 1228 sie
1088 1161 1300 1248 parcendum

198 1250 334 1326 iudices,
362 1250 612 1327 arbitrabantur,
639 1262 675 1314 ut
696 1273 750 1315 eos
768 1272 833 1315 non
851 1249 945 1314 modo
967 1250 1001 1314 in
1022 1249 1160 1324 invidia,
1190 1269 1300 1310 verun

200 1336 295 1400 etiam
322 1335 355 1400 in
383 1336 477 1420 culpa
504 1335 726 1412 defenderent3
752 1337 860 1419 itaque
881 1357 947 1399 non
969 1335 1073 1399 solum
1096 1347 1185 1398 recte
1209 1333 1300 1396 facti

148 1495 152 1502 „
200 1443 309 1486 eorum
327 1421 479 1506 praemia,
498 1421 669 1486 sedetiam
689 1421 811 1486 delictis
830 1421 956 1486 veniam
971 1420 1047 1485 dare
1064 1419 1226 1484 solebant.

265 1507 316 1570 16.
339 1506 514 1590 exsurgite,
538 1528 670 1590 quaese,
694 1507 755 1569 viri
772 1507 882 1592 optimi
905 1516 1001 1588 atque
1018 1504 1185 1570 fortissimi
1204 1505 1300 1586 legat

200 1591 412 1676 amplissimae
431 1604 527 1674 atque
550 1591 790 1656 honestissimae
813 1591 964 1667 civitatis,
991 1591 1128 1655 resistite
1145 1611 1207 1674 per
1225 1588 1300 1654 deos

198 1676 392 1739 immortales
410 1698 520 1741 eorum
537 1677 684 1762 periuriis
702 1675 897 1758 iniuriisque,
916 1696 1053 1759 quorum
1068 1695 1300 1760 saepenumero

199 1761 269 1824 telis
287 1762 455 1826 restitistis.

264 1846 315 1909 17.
342 1847 438 1912 horno
461 1847 607 1911 omnibus
630 1845 822 1912 ornamentis
849 1845 974 1911 virtutis
1001 1856 1033 1910 et
1055 1844 1300 1910 existimationis

201 1931 371 2016 praeditus,
390 1933 445 2015 qui
458 1932 536 1996 mihi
550 1933 675 1996 videtur
688 1932 780 2015 quasi
794 1933 955 2014 quoddam
970 1953 1061 1995 exem
1084 1932 1131 1994 lar
1145 1931 1300 2016 pristinae

199 2017 365 2117 gravit-atis
389 2032 420 2082 et
441 2019 671 2082 monimentum
695 2016 891 2100 antiquitatis
912 2017 946 2080 in
963 1955 1127 2102 republica
1145 2015 1300 2080 divinitus

200 2124 327 2166 servari.
910 2134 911 2138 ¹

265 2281 316 2346 18.
339 2305 389 2358 pro
398 2287 631 2366 FonteioMarcup
641 2286 749 2340 Tullius
759 2286 926 2357 exsequias,
938 2280 1025 2364 quod
1039 2280 1106 2344 eius
1123 2301 1218 2344 causa
1231 2301 1300 2344 non

199 2366 239 2430 sit
258 2367 371 2431 eadem
388 2387 471 2461 quae
488 2367 609 2433 Verris.
630 2371 660 2426 C.
677 2372 788 2426 Iulius
804 2371 924 2428 Victor
942 2372 1007 2440 400,
1024 2371 1058 2425 12
1080 2372 1124 2424 etl.
1145 2371 1236 2426 Halm.
1258 2371 1300 2436 cf,

199 2447 299 2520 fragm.
313 2450 414 2517 ruem
426 2449 564 2504 adiectam
576 2449 662 2502 irrisae
674 2449 747 2502 hanc
759 2448 992 2519 comparationem
1003 2445 1148 2518 probabile
1161 2453 1209 2502 011.

266 2521 317 2586 19.
339 2525 407 2580 licet
423 2526 506 2582 etiam
522 2526 692 2597 principales
709 2525 884 2596 quaestiones
899 2525 929 2578 in
949 2523 1086 2596 principio
1100 2538 1291 2594 praecerpere,

200 2603 250 2656 sed
261 2619 412 2674 praecursu
423 2603 480 2658 solo
493 2609 576 2674 atque
588 2607 680 2670 tactu,
692 2618 747 2656 non
758 2607 790 2655 ut
802 2603 836 2656 de
849 2602 892 2656 his
904 2602 1001 2673 quaeri
1012 2601 1147 2668 videatru,
1159 2603 1297 2670 quomodo·

199 2696 251 2748 pro
262 2679 364 2734 Flacco
377 2683 405 2733 et
415 2696 466 2749 pro
478 2679 593 2735 Fonteio
606 2680 644 2732 M.
658 2677 781 2738 Tullius:
800 2673 877 2738 nihil
895 2673 948 2757 agi
965 2673 1020 2735 illo
1036 2668 1164 2744 iudici0,
1181 2670 1238 2732 nisi
1255 2689 1292 2735 ut

201 2757 407 2842 magistratus
425 2759 457 2821 in
480 2759 650 2844 provinciis
669 2779 733 2822 non
752 2758 890 2822 audeant
906 2758 1062 2841 imperare
1081 2753 1185 2829 sociis,
1207 2757 1291 2837 quod

201 2865 241 2906 ex
263 2865 325 2907 usu
347 2844 393 2908 rei
410 2844 557 2928 publicae
581 2843 630 2908 sit.
667 2847 697 2902 C.
710 2848 820 2902 Iulius
831 2848 950 2904 Victor
961 2845 1021 2914 423,
1034 2845 1068 2900 10
1081 2844 1123 2898 ed.
1136 2843 1223 2898 Halm.
1236 2844 1290 2900 sor-

200 2929 274 2980 tasse
287 2942 321 2979 ex
333 2927 429 2980 eodem
441 2927 501 2980 loco
513 2927 603 2996 petita
616 2928 680 2978 sunt
690 2925 776 2978 verba
791 2925 867 2994 apud
877 2923 1034 2993 Aquilam
1046 2921 1088 2991 33,
1101 2921 1135 2976 30
1147 2921 1187 2975 sd.
1199 2921 1287 2976 Halm.

201 3006 334 3092 pulchra
358 3017 464 3070 autem
483 3005 563 3070 haec
580 3006 667 3070 ferna
686 3005 847 3088 continget
864 3002 998 3078 civitati,
1021 3002 1047 3066 si
1066 3001 1181 3087 optime
1198 3003 1289 3067 meri-

201 3104 272 3155 tum
299 3091 401 3156 civem
429 3091 685 3156 damnaverimus
692 3116 701 3168 ;
727 3091 896 3175 pulchrum
919 3089 978 3153 erit
1004 3098 1128 3152 exteras
1150 3088 1285 3152 nationes

203 3178 382 3242 existimare
409 3176 587 3242 infestiores
613 3198 671 3239 nos
696 3198 765 3239 esse
794 3175 884 3257 bqnis
911 3195 1008 3256 quam
1031 3173 1137 3248 malis;
1161 3173 1283 3258 pulchre

202 3261 423 3326 communibus
450 3261 639 3327 utilitatibus
662 3260 878 3336 consulemus,
901 3261 927 3322 si
950 3280 1030 3342 quos
1053 3279 1225 3344 oppressos,
1249 3271 1300 3324 ut,

201 3347 309 3411 hostes
328 3347 471 3432 cupiere,
493 3368 552 3410 nos
570 3346 880 3411 circumvenerimus.

265 3433 318 3496 20.
341 3441 503 3508 argumenta
515 3437 652 3492 ducuntur
663 3453 681 3491 a
691 3440 763 3506 toto,
780 3440 935 3507 sparte-
944 3439 977 3490 ut
988 3435 1026 3488 M.
1040 3433 1147 3488 Tullius
1157 3432 1183 3488 in
1195 3433 1279 3488 defen·
1299 3433 1300 3442 ’

201 3521 278 3577 sione
293 3519 362 3576 feeit
377 3538 428 3592 pro
442 3520 571 3578 Fonteio:
595 3517 621 3580 si
643 3516 731 3580 nulla
748 3516 884 3600 pecunia
901 3526 1066 3579 numerata
1089 3525 1146 3590 est,
1162 3520 1227 3589 quod
1243 3524 1280 3573 111

200 3612 301 3676 toturn,
315 3602 405 3666 cuius
422 3602 577 3738 pecuniae
595 3602 860 3686 quinquagesima
878 3602 944 3666 est?
965 3605 1038 3676 quod
1055 3608 1178 3676 estpars.
1195 3601 1222 3658 C.
1237 3604 1278 3657 Iu-

201 3687 269 3742 lius
281 3684 400 3742 Victor
411 3684 427 3738 3
446 3683 525 3753 7,18.

267 3755 319 3822 21.
341 3754 494 3820 frumenti
515 3755 673 3821 maximus
695 3776 847 3820 numerus
866 3775 883 3820 e
902 3751 1024 3830 Gallia,
1046 3751 1196 3837 peditatus
1217 3773 1278 3814 am-

202 3843 363 3930 plissimae
385 3840 496 3926 copiae
519 3863 536 3906 e
556 3840 676 3919 Gallia,
696 3841 817 3926 equites
840 3859 973 3904 numero
994 3837 1155 3923 plurimis
1172 3833 1274 3901 Gallia.

202 3927 386 4004 ἀντιστροφῆς
402 3941 423 3978 1.
437 3923 561 3978 conversi
577 3925 732 3995 exemplum
748 3923 824 3994 apud
835 3921 993 3992 Aquilam
1004 3921 1047 3990 33,
1059 3919 1146 3974 rtet.
1158 3917 1237 3972 Halm.
1250 3925 1275 3972 et

200 3993 408 4048 Martranum
420 3990 592 4064 Capellam
603 3993 701 4062 4011.

266 4065 319 4128 22.
340 4068 398 4124 vini
414 4069 524 4125 aridum
541 4085 629 4141 genus
645 4068 753 4138 (Gallos
769 4067 846 4135 dicit)
864 4063 1123 4136 11101111111111111
1138 4063 1273 4117 similitudi-
