2674 4558
135 231 179 296 54
480 243 518 297 Μ.
538 241 673 300 TULLII
692 239 891 296 CICERONIS

202 367 251 430 12.
276 372 379 426 alvaria
391 375 487 427 neutro
500 387 602 443 genere
619 369 763 441 pluraliter
780 374 887 422 tantum
900 369 1036 438 dicuntur,
1049 366 1173 442 quamvis
1187 363 1235 420 Ci-
1332 391 1333 438 1

136 475 198 514 1111
210 458 240 512 in
252 456 433 512 Oeconomico
449 455 626 527 singulariter
642 455 754 510 dixerit:
779 471 856 534 apes
873 449 906 512 in
925 448 1080 514 alverium
1099 469 1237 532 conges-

135 544 251 602 Serant.
293 539 467 597 Charisius
478 541 501 596 Ι.
519 558 546 611 p.
559 541 601 596 82.
614 540 648 595 Ρ.
666 559 694 614 p.
707 541 758 596 106
770 555 811 610 sq.
824 537 860 592 K.
873 538 1002 609 Xenoph
1017 539 1119 597 Oecon.
1133 539 1175 607 11,
1190 538 1235 592 14.

135 618 465 758 ρ0Πῖτ’11119111111111Ρ.
479 685 631 742 Victorius:
645 694 824 740 concesserunt
837 684 896 740 eod.

201 775 249 840 13.
272 775 400 840 serobes
418 779 562 834 masculini
577 783 641 832 sunt
656 779 779 851 generis,
803 795 868 832 narn
885 775 981 834 Cicero
997 779 1027 834 in
1043 776 1237 834 Oeconomicis

135 858 176 913 sic
187 857 263 912 dicit.
300 856 437 913 Servius
448 855 485 910 ad
496 855 595 927 Virgil.
610 853 712 926 Georg.
725 853 763 924 11,
775 855 835 909 288.
847 855 976 925 Xenoph.
990 854 1092 910 Oecon.
1106 856 1147 925 19,
1160 854 1185 908 3.

201 929 252 992 14.'
275 931 372 988 Cicero
387 931 587 989 oeconomicon
598 931 671 1004 libro
680 931 775 986 tertio:
792 947 896 1008 neque
914 925 989 991 serit
1012 927 1109 992 vitem
1126 946 1235 1008 neque

136 1035 219 1096 quae
237 1022 306 1107 sata
324 1023 372 1077 est
389 1011 558 1096 diligenter
576 1011 664 1075 colit:
684 1011 799 1087 oleum,
818 1011 895 1075 ficos
901 1057 910 1086 ,
924 1032 1024 1148 poma
1041 1034 1105 1076 non
1123 1011 1233 1074 habet.

136 1094 327 1150 Macrob1us
339 1093 477 1148 Saturnal.
490 1093 544 1163 ΙΠ,
556 1093 599 1162 20,
611 1095 637 1147 4.
649 1093 779 1164 Xenoph.
793 1094 894 1149 Oecon.
908 1095 924 1146 1
943 1133 951 1162 ,
964 1093 997 1148 12
1009 1110 1050 1163 sq.

203 1174 253 1238 15.
278 1177 374 1235 Cicero
394 1179 425 1232 ln
442 1177 637 1234 Oeconomico:
671 1195 744 1238 oum
771 1195 846 1238 vero
882 1173 1008 1239 adfecta
1038 1173 1102 1236 iam
1133 1194 1234 1258 prope

137 1271 257 1325 aestate
275 1281 355 1323 uvas
374 1259 477 1322 a'sole
500 1258 664 1324 mitescere
689 1270 813 1344 tempus
831 1270 887 1324 est.
928 1263 1061 1319 Gellius
1077 1263 1141 1332 XV,
1158 1263 1188 1332 5,
1206 1263 1233 1316 8.

137 1341 164 1398 N
169 1342 265 1396 onius
275 1359 300 1394 v.
313 1341 472 1413 profligare.
491 1340 621 1411 Xenoph.
636 1340 736 1396 Oecon.
751 1341 847 1410 19,18.

203 1421 254 1486 16,
277 1427 426 1498 plurimum
441 1424 528 1481 refert
544 1426 653 1481 colonos
666 1441 683 1480 a
694 1427 783 1496 primo
794 1443 875 1481 manc
892 1442 961 1496 opus
980 1424 1096 1497 aggredi
1107 1439 1159 1478 nee
1174 1425 1234 1478 len·

137 1517 179 1568 tos
191 1529 242 1584 per
253 1513 340 1567 otium
351 1511 430 1582 pigre
442 1510 600 1581 procedere,
613 1511 637 1564 si
649 1511 760 1581 quidem
772 1511 967 1566 Ischomachus
978 1509 1052 1564 idem
1063 1509 1119 1578 ille,
1137 1503 1234 1579 male,

136 1597 235 1666 inquit,
258 1590 352 1654 unius
375 1591 492 1674 agilem
515 1589 704 1654 industriam
728 1613 825 1672 quam
853 1590 962 1654 decem
990 1588 1155 1653 hominum
1176 1609 1235 1652 ne-

137 1676 319 1760 glegentem
342 1685 373 1738 et
395 1674 518 1737 tardam
538 1697 680 1759 operam3
708 1676 826 1760 quippe
843 1675 1016 1760 plurimum
1035 1673 1128 1738 affert
1145 1674 1234 1750 mali,

138 1761 164 1824 si
187 1760 330 1842 operario
353 1758 486 1822 tricandi
513 1770 652 1842 potestas
678 1760 747 1823 fiat:
775 1783 850 1824 nam
877 1771 913 1825 nt
939 1761 972 1823 in
997 1759 1109 1824 itinere
1135 1759 1234 1823 confi-

138 1845 249 1908 ciendo
277 1865 371 1928 saepe
399 1843 528 1908 dimidio
555 1845 709 1909 maturius
736 1845 947 1930 pervenitis,
974 1845 1029 1928 qui
1054 1845 1179 1910 naviter
1201 1855 1235 1909 et

137 1929 206 1994 sine
227 1928 300 1994 ullis
319 1929 609 1993 conoessationibus
633 1931 827 2014 permeabit,
845 1930 997 2014 quomis,
1016 1930 1081 2014 qui,
1100 1952 1174 1994 cum
1191 1930 1234 1993 sit

138 2036 202 2078 una
219 2013 397 2098 profectus,
420 2014 550 2080 umbras
574 2014 722 2078 arborum
745 2015 1034 2099 fonticulorumque
1058 2015 1234 2080 amoenita-

137 2111 202 2163 tem
221 2099 272 2162 vel
290 2121 385 2162 aurae
399 2098 672 2183 refrigerationem
689 2101 838 2184 captavit,
857 2102 903 2165 sic
919 2101 953 2166 in
967 2101 1085 2186 agresti
1102 2101 1233 2186 negotio

138 2183 201 2247 dici
227 2183 281 2246 vix
307 2193 410 2268 potest
436 2185 513 2268 quid
543 2207 645 2250 navus
672 2187 835 2271 operarius
866 2186 984 2271 ignavo
1011 2196 1043 2251 et
1073 2199 1232 2251 cessatore

137 2279 285 2354 praestet.
330 2271 517 2329 Columella
528 2275 581 2345 XI,
594 2277 619 2345 1,
633 2276 666 2330 15
677 2293 718 2346 sq.
731 2275 860 2350 Xenoph.
874 2276 975 2332 Oecon.
988 2277 1032 2346 20,
1044 2277 1154 2330 16-19.

203 2353 253 2433 ll.
277 2359 381 2413 oulmus
402 2375 465 2430 gen.
486 2365 571 2430 nent,
592 2361 825 2433 111111111111,
862 2359 958 2418 Cicero
978 2366 1086 2416 autem:
1116 2367 1232 2420 eruunt

137 2439 251 2504 breves
270 2440 401 2503 culmos.
431 2444 621 2518 Anonymus
635 2446 670 2502 de
681 2463 764 2519 genn.
776 2463 848 2502 norn.
860 2465 888 2502 n.
902 2447 943 2503 79.
958 2447 1000 2502 ed.
1015 2445 1088 2502 Otto.
1101 2446 1231 2517 Xenoph.

139 2520 341 2657 0601111111
358 2601 387 2652 11
403 2595 471 2653 Cato
489 2604 517 2654 et
533 2597 628 2655 Cicero
647 2599 678 2655 iu
694 2587 882 2657 Oeconomicis
897 2600 1013 2655 laudant
1032 2598 1149 2670 praedia
1169 2599 1231 2652 lati·

138 2674 234 2728 fundia
264 2669 338 2743 q'uod
356 2674 440 2728 etiam
451 2691 506 2730 non
518 2676 592 2731 culta
607 2681 750 2747 praestant
765 2677 871 2747 aliquid
887 2676 1004 2731 domino.
1041 2673 1179 2729 Servius
1195 2675 1233 2729 ad

142 2741 216 2812 Virg.
231 2714 333 2812 Ceorg.
346 2742 385 2810 Π,
397 2743 457 2796 412.

203 2811 253 2875 19.
276 2816 371 2870 ordine
383 2817 467 2887 longo
477 2817 497 2871 1.
510 2833 533 2872 1.
547 2818 725 2889 dispositIone
737 2819 887 2874 seeundum
899 2818 1031 2888 Tullium,
1043 2815 1091 2887 qui
1102 2816 1131 2871 in
1144 2816 1231 2872 Oeco-
1330 2867 1331 2872 ,

137 2892 251 2948 numicis
267 2892 335 2946 dicit
340 2931 347 2962 ,
365 2892 432 2961 quid
447 2892 496 2947 ubi
532 2893 668 2947 onendum
684 2893 733 2964 111,
749 2910 801 2950 nec
817 2894 891 2949 euim
906 2893 1009 2949 debent
1023 2893 1151 2948 universa
1167 2911 1231 2950 eon-

137 2961 225 3015 fundi.
260 2959 352 3015 Idem
365 2960 402 3014 ad
414 2960 492 3031 Virg.
534 2960 684 3030 cn.1,703.

201 3033 252 3097 20.
275 3041 354 3092 vetus
374 3036 427 3090 iste
448 3037 610 3091 disertorum
632 3054 690 3092 mos
710 3037 777 3107 fuit,
802 3042 835 3092 ut
855 3038 1000 3094 exercendi
1020 3037 1127 3110 ingenii
1147 3055 1231 3096 eausa

138 3113 260 3170 Graecos
275 3114 360 3170 libros
371 3111 473 3168 Latino
489 3129 613 3168 sermone
630 3113 803 3170 absolverent
815 3119 855 3183 et,
869 3114 943 3185 quod
953 3115 1016 3186 plus
1027 3116 1056 3170 in
1069 3131 1099 3170 se
1111 3114 1230 3170 difficul-

136 3184 202 3237 tatis
213 3183 307 3252 habet,
323 3184 453 3252 poemata
468 3181 614 3236 illustrium
629 3181 748 3236 virorum
760 3183 856 3236 addita
871 3183 953 3237 metri
964 3184 1130 3240 necessitate
1141 3189 1229 3238 111111-

137 3249 252 3305 ferrent:
264 3250 337 3304 unde
350 3255 379 3304 et
390 3253 482 3304 noster
491 3249 599 3303 Tullius
608 3246 866 3322 Platonis'integros
874 3251 959 3307 libros
971 3253 1133 3307 adverbum
1146 3252 1229 3306 inter-

136 3321 261 3439 pregatus
271 3322 312 3438 elpt
321 3321 357 3398 11,
367 3334 429 3440 epm
434 3317 551 3398 Aratum
558 3317 615 3438 ialm
620 3317 772 3399 homanum
781 3320 947 3400 hexametris
955 3321 1079 3376 versibus
1089 3319 1228 3401 edidisset,

136 3390 707 3535 hatitalittratttttttstltrd
718 3388 1229 3526 tritititntttttlttttttfdl

135 3524 168 3574 ut
179 3537 227 3590 qur
241 3526 422 3601 interpretata
437 3528 563 3577 nesciunt
574 3539 592 3576 a
608 3521 739 3578 Cicerone
756 3524 831 3579 dicta
841 3541 897 3579 non
913 3526 1034 3580 credant.
1063 3525 1188 3580 Hieron
1193 3543 1228 3595 y-

136 3605 204 3642 mus
216 3587 304 3658 praef.
316 3605 345 3642 11
357 3589 472 3644 Eusebii
484 3588 620 3645 Chronica
631 3591 691 3644 init.
717 3591 751 3646 cf.
766 3592 880 3656 Quintil.
893 3591 931 3662 X,
943 3595 969 3663 1),
981 3595 1006 3648 2.

406 3777 444 3832 Π.
479 3777 673 3834 PLATONIS
690 3778 958 3836 PROTAGCRAS.

200 3898 315 3954 Vertere
328 3895 436 3952 Graeca
447 3897 477 3952 ln
488 3898 620 3952 Latinum
631 3904 737 3954 veteres
748 3901 834 3955 nostri
846 3905 966 3955 oratores
979 3901 1112 3971 optimum
1123 3900 1227 3954 iudica·

133 3966 212 4023 bant,
236 3967 266 4019 id
278 3982 307 4021 so
316 3966 349 4020 L.
360 3963 474 4020 Crassus
485 3967 515 4020 in
526 3967 581 4021 illis
592 3965 729 4022 Ciceronis
743 3970 776 4022 de
789 3973 896 4023 oratore
907 3968 986 4022 libris
998 3969 1064 4022 dicit
1076 3967 1227 4022 factitasse.

136 4033 166 4087 id
179 4033 274 4088 Cicero
291 4051 341 4089 sua
357 4034 416 4105 ipse
432 4051 550 4105 persona
565 4033 786 4106 frequentissime
802 4037 950 4106 praecipit,
968 4035 1034 4106 quin
1047 4037 1130 4090 etiam
1143 4036 1227 4090 libros
