<?xml version="1.0" encoding="UTF-8"?>
<!DOCTYPE html PUBLIC "-//W3C//DTD XHTML 1.0 Transitional//EN"
    "http://www.w3.org/TR/xhtml1/DTD/xhtml1-transitional.dtd">
<html xmlns="http://www.w3.org/1999/xhtml" xml:lang="en" lang="en">
 <head>
  <title>
</title>
<meta http-equiv="Content-Type" content="text/html;charset=utf-8" />
  <meta name='ocr-system' content='tesseract 3.04.00' />
  <meta name='ocr-capabilities' content='ocr_page ocr_carea ocr_par ocr_line ocrx_word'/>
</head>
<body>
  <div class='ocr_page' id='page_1' title='image "./mtulliiciceroni95cicegoog/mtulliiciceroni95cicegoog_0034.png"; bbox 0 0 2674 4558; ppageno 0'>
   <div class='ocr_carea' id='block_1_1' title="bbox 473 235 996 296">
    <p class='ocr_par' dir='ltr' id='par_1_1' title="bbox 473 235 996 296">
     <span class='ocr_line' id='line_1_1' title="bbox 473 235 996 296; baseline -0.008 -2"><span class='ocrx_word' id='word_1_1' title='bbox 473 239 512 294; x_wconf 92' lang='lat' dir='ltr'>M.</span> <span class='ocrx_word' id='word_1_2' title='bbox 526 238 665 296; x_wconf 52' lang='lat' dir='ltr'>‘TULLII</span> <span class='ocrx_word' id='word_1_3' title='bbox 685 235 884 292; x_wconf 78' lang='lat' dir='ltr'>CICERONIS</span> <span class='ocrx_word' id='word_1_4' title='bbox 993 283 996 290; x_wconf 94' lang='grc'><em>,</em></span> 
     </span>
    </p>
   </div>
   <div class='ocr_carea' id='block_1_2' title="bbox 345 441 1026 506">
    <p class='ocr_par' dir='ltr' id='par_1_2' title="bbox 345 441 1026 506">
     <span class='ocr_line' id='line_1_2' title="bbox 345 441 1026 506; baseline -0.013 0"><span class='ocrx_word' id='word_1_5' title='bbox 345 447 411 506; x_wconf 91' lang='lat' dir='ltr'><strong>VII.</strong></span> <span class='ocrx_word' id='word_1_6' title='bbox 448 445 656 502; x_wconf 84' lang='lat' dir='ltr'><strong>ORATIONIS</strong></span> <span class='ocrx_word' id='word_1_7' title='bbox 674 445 712 500; x_wconf 89' lang='lat' dir='ltr'>H.</span> <span class='ocrx_word' id='word_1_8' title='bbox 730 444 806 500; x_wconf 83' lang='lat' dir='ltr'>PRO</span> <span class='ocrx_word' id='word_1_9' title='bbox 826 441 1026 500; x_wconf 83' lang='lat' dir='ltr'>CORNELIO.</span> 
     </span>
    </p>
   </div>
   <div class='ocr_carea' id='block_1_3' title="bbox 131 569 1329 1050">
    <p class='ocr_par' dir='ltr' id='par_1_3' title="bbox 131 569 1329 1050">
     <span class='ocr_line' id='line_1_3' title="bbox 199 569 1329 650; baseline -0.011 -15"><span class='ocrx_word' id='word_1_10' title='bbox 199 577 229 642; x_wconf 88' lang='lat'>1.</span> <span class='ocrx_word' id='word_1_11' title='bbox 253 579 420 650; x_wconf 73' lang='grc' dir='ltr'><strong><em>διαπόρησις,</em></strong></span> <span class='ocrx_word' id='word_1_12' title='bbox 431 575 615 633; x_wconf 86' lang='lat' dir='ltr'>addubitatio.</span> <span class='ocrx_word' id='word_1_13' title='bbox 627 576 681 630; x_wconf 86' lang='lat' dir='ltr'>hae</span> <span class='ocrx_word' id='word_1_14' title='bbox 690 575 800 645; x_wconf 89' lang='lat' dir='ltr'>utimur,</span> <span class='ocrx_word' id='word_1_15' title='bbox 811 593 874 630; x_wconf 90' lang='lat' dir='ltr'>cum</span> <span class='ocrx_word' id='word_1_16' title='bbox 882 579 997 648; x_wconf 88' lang='lat' dir='ltr'>propter</span> <span class='ocrx_word' id='word_1_17' title='bbox 1006 574 1100 645; x_wconf 88' lang='lat' dir='ltr'>aliqua</span> <span class='ocrx_word' id='word_1_18' title='bbox 1108 572 1251 626; x_wconf 85' lang='lat' dir='ltr'>volumus</span> <span class='ocrx_word' id='word_1_19' title='bbox 1328 569 1329 614; x_wconf 84' lang='grc' dir='ltr'>ἶ</span> 
     </span>
     <span class='ocr_line' id='line_1_4' title="bbox 131 649 1250 726; baseline -0.013 -11"><span class='ocrx_word' id='word_1_20' title='bbox 131 659 223 714; x_wconf 84' lang='lat' dir='ltr'>rideri</span> <span class='ocrx_word' id='word_1_21' title='bbox 235 655 401 712; x_wconf 80' lang='lat' dir='ltr'>addubitare</span> <span class='ocrx_word' id='word_1_22' title='bbox 413 660 442 710; x_wconf 90' lang='lat' dir='ltr'>et</span> <span class='ocrx_word' id='word_1_23' title='bbox 455 654 534 726; x_wconf 88' lang='lat' dir='ltr'>quasi</span> <span class='ocrx_word' id='word_1_24' title='bbox 546 654 582 708; x_wconf 86' lang='lat' dir='ltr'>ab</span> <span class='ocrx_word' id='word_1_25' title='bbox 595 653 664 724; x_wconf 86' lang='lat' dir='ltr'>ipsis</span> <span class='ocrx_word' id='word_1_26' title='bbox 675 652 815 708; x_wconf 88' lang='lat' dir='ltr'>iudicibus</span> <span class='ocrx_word' id='word_1_27' title='bbox 826 653 979 721; x_wconf 91' lang='lat' dir='ltr'>consilium,</span> <span class='ocrx_word' id='word_1_28' title='bbox 994 668 1048 722; x_wconf 91' lang='lat' dir='ltr'>quo</span> <span class='ocrx_word' id='word_1_29' title='bbox 1060 649 1250 722; x_wconf 87' lang='lat' dir='ltr'>potissimum</span> 
     </span>
     <span class='ocr_line' id='line_1_5' title="bbox 133 728 1250 810; baseline -0.008 -18"><span class='ocrx_word' id='word_1_30' title='bbox 133 753 238 810; x_wconf 79' lang='lat' dir='ltr'>genere</span> <span class='ocrx_word' id='word_1_31' title='bbox 249 732 381 790; x_wconf 89' lang='lat' dir='ltr'>orationis</span> <span class='ocrx_word' id='word_1_32' title='bbox 396 739 519 800; x_wconf 78' lang='lat' dir='ltr'>utamur3</span> <span class='ocrx_word' id='word_1_33' title='bbox 536 730 619 801; x_wconf 87' lang='lat' dir='ltr'>quale</span> <span class='ocrx_word' id='word_1_34' title='bbox 636 734 678 784; x_wconf 88' lang='lat' dir='ltr'>est</span> <span class='ocrx_word' id='word_1_35' title='bbox 688 760 723 771; x_wconf 89' lang='lat'>-</span> <span class='ocrx_word' id='word_1_36' title='bbox 733 747 785 801; x_wconf 91' lang='lat' dir='ltr'>pro</span> <span class='ocrx_word' id='word_1_37' title='bbox 798 728 938 785; x_wconf 86' lang='lat' dir='ltr'>Cornelio:</span> <span class='ocrx_word' id='word_1_38' title='bbox 959 745 1101 810; x_wconf 83' lang='lat' dir='ltr'>pugnem</span> <span class='ocrx_word' id='word_1_39' title='bbox 1125 732 1250 807; x_wconf 84' lang='lat' dir='ltr'>aperte</span> 
     </span>
     <span class='ocr_line' id='line_1_6' title="bbox 135 805 1249 892; baseline -0.011 -11"><span class='ocrx_word' id='word_1_40' title='bbox 135 826 246 882; x_wconf 87' lang='lat' dir='ltr'>contra</span> <span class='ocrx_word' id='word_1_41' title='bbox 268 813 537 879; x_wconf 88' lang='lat' dir='ltr'>nobilissimorum</span> <span class='ocrx_word' id='word_1_42' title='bbox 554 808 718 874; x_wconf 89' lang='lat' dir='ltr'>hominum</span> <span class='ocrx_word' id='word_1_43' title='bbox 738 809 936 876; x_wconf 81' lang='lat' dir='ltr'>voluntates?</span> <span class='ocrx_word' id='word_1_44' title='bbox 959 809 1080 885; x_wconf 89' lang='lat' dir='ltr'>studia,</span> <span class='ocrx_word' id='word_1_45' title='bbox 1104 805 1249 892; x_wconf 83' lang='lat' dir='ltr'>consilia</span> 
     </span>
     <span class='ocr_line' id='line_1_7' title="bbox 135 895 1250 997; baseline -0.015 -31"><span class='ocrx_word' id='word_1_46' title='bbox 135 900 415 997; x_wconf 75' lang='lat' dir='ltr'>cogitationesque</span> <span class='ocrx_word' id='word_1_47' title='bbox 434 919 544 993; x_wconf 81' lang='lat' dir='ltr'>eorum</span> <span class='ocrx_word' id='word_1_48' title='bbox 563 895 723 991; x_wconf 80' lang='lat' dir='ltr'>aperiam?</span> <span class='ocrx_word' id='word_1_49' title='bbox 756 906 784 956; x_wconf 92' lang='lat' dir='ltr'>et</span> <span class='ocrx_word' id='word_1_50' title='bbox 797 907 902 970; x_wconf 86' lang='lat' dir='ltr'>cetera,</span> <span class='ocrx_word' id='word_1_51' title='bbox 920 917 991 972; x_wconf 86' lang='lat' dir='ltr'>quae</span> <span class='ocrx_word' id='word_1_52' title='bbox 1008 898 1088 970; x_wconf 81' lang='lat' dir='ltr'>quasi</span> <span class='ocrx_word' id='word_1_53' title='bbox 1104 897 1250 952; x_wconf 84' lang='lat' dir='ltr'>dubitans</span> 
     </span>
     <span class='ocr_line' id='line_1_8' title="bbox 135 977 982 1050; baseline -0.005 -12"><span class='ocrx_word' id='word_1_54' title='bbox 135 1001 172 1038; x_wconf 86' lang='lat' dir='ltr'>an</span> <span class='ocrx_word' id='word_1_55' title='bbox 183 984 238 1038; x_wconf 87' lang='lat' dir='ltr'>s1b1</span> <span class='ocrx_word' id='word_1_56' title='bbox 249 982 380 1038; x_wconf 79' lang='lat' dir='ltr'>sacranda</span> <span class='ocrx_word' id='word_1_57' title='bbox 392 985 456 1050; x_wconf 90' lang='lat' dir='ltr'>smt,</span> <span class='ocrx_word' id='word_1_58' title='bbox 470 981 546 1034; x_wconf 73' lang='lat' dir='ltr'>ducit.</span> <span class='ocrx_word' id='word_1_59' title='bbox 582 979 710 1048; x_wconf 78' lang='lat' dir='ltr'>Aquila</span> <span class='ocrx_word' id='word_1_60' title='bbox 723 979 766 1034; x_wconf 87' lang='lat' dir='ltr'>ed.</span> <span class='ocrx_word' id='word_1_61' title='bbox 779 977 871 1032; x_wconf 90' lang='lat' dir='ltr'>Halm.</span> <span class='ocrx_word' id='word_1_62' title='bbox 884 978 927 1048; x_wconf 78' lang='lat'>25,</span> <span class='ocrx_word' id='word_1_63' title='bbox 940 979 982 1034; x_wconf 80' lang='lat'>15.</span> 
     </span>
    </p>
   </div>
   <div class='ocr_carea' id='block_1_4' title="bbox 134 1069 1329 1558">
    <p class='ocr_par' dir='ltr' id='par_1_4' title="bbox 134 1069 1329 1558">
     <span class='ocr_line' id='line_1_9' title="bbox 200 1069 1247 1143; baseline -0.006 -13"><span class='ocrx_word' id='word_1_64' title='bbox 200 1072 231 1137; x_wconf 78' lang='lat'>2.</span> <span class='ocrx_word' id='word_1_65' title='bbox 253 1075 363 1132; x_wconf 87' lang='lat' dir='ltr'>incisim</span> <span class='ocrx_word' id='word_1_66' title='bbox 378 1106 414 1116; x_wconf 91' lang='lat'><em>-</em></span> <span class='ocrx_word' id='word_1_67' title='bbox 430 1078 459 1129; x_wconf 88' lang='lat' dir='ltr'>et</span> <span class='ocrx_word' id='word_1_68' title='bbox 474 1073 649 1128; x_wconf 77' lang='lat' dir='ltr'><strong>membratim</strong></span> <span class='ocrx_word' id='word_1_69' title='bbox 664 1077 783 1128; x_wconf 85' lang='lat' dir='ltr'>tractata</span> <span class='ocrx_word' id='word_1_70' title='bbox 799 1072 887 1128; x_wconf 87' lang='lat' dir='ltr'>oratio</span> <span class='ocrx_word' id='word_1_71' title='bbox 902 1073 933 1128; x_wconf 93' lang='lat' dir='ltr'>in</span> <span class='ocrx_word' id='word_1_72' title='bbox 948 1072 1022 1128; x_wconf 84' lang='lat' dir='ltr'>veris</span> <span class='ocrx_word' id='word_1_73' title='bbox 1039 1071 1129 1128; x_wconf 87' lang='lat' dir='ltr'>causis</span> <span class='ocrx_word' id='word_1_74' title='bbox 1149 1069 1247 1143; x_wconf 87' lang='lat' dir='ltr'>pluri-</span> 
     </span>
     <span class='ocr_line' id='line_1_10' title="bbox 135 1149 1247 1223; baseline -0.009 -12"><span class='ocrx_word' id='word_1_75' title='bbox 135 1172 211 1211; x_wconf 90' lang='lat' dir='ltr'>mum</span> <span class='ocrx_word' id='word_1_76' title='bbox 221 1154 305 1223; x_wconf 86' lang='lat' dir='ltr'>velet,</span> <span class='ocrx_word' id='word_1_77' title='bbox 317 1151 492 1222; x_wconf 79' lang='lat' dir='ltr'>maximeque</span> <span class='ocrx_word' id='word_1_78' title='bbox 504 1151 545 1206; x_wconf 91' lang='lat' dir='ltr'>eis</span> <span class='ocrx_word' id='word_1_79' title='bbox 556 1151 638 1219; x_wconf 88' lang='lat' dir='ltr'>locis,</span> <span class='ocrx_word' id='word_1_80' title='bbox 656 1167 718 1205; x_wconf 91' lang='lat' dir='ltr'>cum</span> <span class='ocrx_word' id='word_1_81' title='bbox 730 1155 779 1205; x_wconf 88' lang='lat' dir='ltr'>aut</span> <span class='ocrx_word' id='word_1_82' title='bbox 789 1167 891 1222; x_wconf 85' lang='lat' dir='ltr'>arguas</span> <span class='ocrx_word' id='word_1_83' title='bbox 904 1155 953 1205; x_wconf 86' lang='lat' dir='ltr'>aut</span> <span class='ocrx_word' id='word_1_84' title='bbox 963 1149 1088 1221; x_wconf 83' lang='lat' dir='ltr'>refelles,</span> <span class='ocrx_word' id='word_1_85' title='bbox 1100 1154 1132 1204; x_wconf 87' lang='lat' dir='ltr'>ut</span> <span class='ocrx_word' id='word_1_86' title='bbox 1142 1153 1247 1202; x_wconf 86' lang='lat' dir='ltr'>nostra</span> 
     </span>
     <span class='ocr_line' id='line_1_11' title="bbox 134 1219 1245 1307; baseline -0.004 -19"><span class='ocrx_word' id='word_1_87' title='bbox 134 1229 339 1288; x_wconf 81' lang='lat' dir='ltr'>incomeliana</span> <span class='ocrx_word' id='word_1_88' title='bbox 351 1229 485 1284; x_wconf 85' lang='lat' dir='ltr'>secunda:</span> <span class='ocrx_word' id='word_1_89' title='bbox 504 1245 524 1286; x_wconf 94' lang='lat' dir='ltr'>o</span> <span class='ocrx_word' id='word_1_90' title='bbox 543 1223 674 1288; x_wconf 89' lang='lat' dir='ltr'>callidos</span> <span class='ocrx_word' id='word_1_91' title='bbox 692 1221 851 1287; x_wconf 81' lang='lat' dir='ltr'>homines!</span> <span class='ocrx_word' id='word_1_92' title='bbox 878 1245 898 1286; x_wconf 93' lang='lat' dir='ltr'>o</span> <span class='ocrx_word' id='word_1_93' title='bbox 915 1245 984 1288; x_wconf 88' lang='lat' dir='ltr'>rem</span> <span class='ocrx_word' id='word_1_94' title='bbox 1007 1219 1245 1307; x_wconf 85' lang='lat' dir='ltr'>excogitataml</span> 
     </span>
     <span class='ocr_line' id='line_1_12' title="bbox 136 1307 1329 1396; baseline -0.006 -20"><span class='ocrx_word' id='word_1_95' title='bbox 136 1335 156 1376; x_wconf 96' lang='lat' dir='ltr'>o</span> <span class='ocrx_word' id='word_1_96' title='bbox 173 1310 303 1396; x_wconf 85' lang='lat' dir='ltr'>ingenia</span> <span class='ocrx_word' id='word_1_97' title='bbox 319 1308 505 1374; x_wconf 85' lang='lat' dir='ltr'>metuenda!</span> <span class='ocrx_word' id='word_1_98' title='bbox 526 1313 701 1368; x_wconf 82' lang='lat' dir='ltr'>membratim</span> <span class='ocrx_word' id='word_1_99' title='bbox 712 1315 817 1384; x_wconf 84' lang='lat' dir='ltr'>adhuc,</span> <span class='ocrx_word' id='word_1_100' title='bbox 830 1313 937 1370; x_wconf 78' lang='lat' dir='ltr'>‘deinde</span> <span class='ocrx_word' id='word_1_101' title='bbox 950 1314 1066 1370; x_wconf 84' lang='lat' dir='ltr'>caesim:</span> <span class='ocrx_word' id='word_1_102' title='bbox 1087 1307 1244 1381; x_wconf 83' lang='lat' dir='ltr'>diximus,</span> <span class='ocrx_word' id='word_1_103' title='bbox 1328 1307 1329 1310; x_wconf 69' lang='grc'>’</span> 
     </span>
     <span class='ocr_line' id='line_1_13' title="bbox 135 1393 1329 1470; baseline -0.007 -13"><span class='ocrx_word' id='word_1_104' title='bbox 135 1419 230 1457; x_wconf 83' lang='lat' dir='ltr'>nnsus</span> <span class='ocrx_word' id='word_1_105' title='bbox 245 1399 434 1456; x_wconf 84' lang='lat' dir='ltr'>membratim:</span> <span class='ocrx_word' id='word_1_106' title='bbox 447 1394 536 1460; x_wconf 87' lang='lat' dir='ltr'>testis</span> <span class='ocrx_word' id='word_1_107' title='bbox 555 1393 631 1459; x_wconf 84' lang='lat' dir='ltr'>dare</span> <span class='ocrx_word' id='word_1_108' title='bbox 645 1395 802 1459; x_wconf 86' lang='lat' dir='ltr'>volumus.</span> <span class='ocrx_word' id='word_1_109' title='bbox 838 1404 960 1454; x_wconf 87' lang='lat' dir='ltr'>extrema</span> <span class='ocrx_word' id='word_1_110' title='bbox 971 1398 1096 1470; x_wconf 87' lang='lat' dir='ltr'>sequitur</span> <span class='ocrx_word' id='word_1_111' title='bbox 1113 1413 1243 1468; x_wconf 90' lang='lat' dir='ltr'>compre·</span> <span class='ocrx_word' id='word_1_112' title='bbox 1328 1393 1329 1396; x_wconf 71' lang='grc'>’</span> 
     </span>
     <span class='ocr_line' id='line_1_14' title="bbox 136 1479 1244 1558; baseline -0.002 -16"><span class='ocrx_word' id='word_1_113' title='bbox 136 1479 247 1557; x_wconf 78' lang='lat' dir='ltr'>beneio,</span> <span class='ocrx_word' id='word_1_114' title='bbox 264 1487 315 1541; x_wconf 89' lang='lat' dir='ltr'>sed</span> <span class='ocrx_word' id='word_1_115' title='bbox 327 1502 361 1540; x_wconf 87' lang='lat' dir='ltr'>ex</span> <span class='ocrx_word' id='word_1_116' title='bbox 373 1486 480 1540; x_wconf 87' lang='lat' dir='ltr'>duobus</span> <span class='ocrx_word' id='word_1_117' title='bbox 491 1485 637 1556; x_wconf 88' lang='lat' dir='ltr'>membris,</span> <span class='ocrx_word' id='word_1_118' title='bbox 655 1501 710 1554; x_wconf 86' lang='lat' dir='ltr'>qua</span> <span class='ocrx_word' id='word_1_119' title='bbox 725 1501 781 1538; x_wconf 89' lang='lat' dir='ltr'>non</span> <span class='ocrx_word' id='word_1_120' title='bbox 796 1489 889 1555; x_wconf 88' lang='lat' dir='ltr'>potest</span> <span class='ocrx_word' id='word_1_121' title='bbox 905 1499 965 1538; x_wconf 89' lang='lat' dir='ltr'>esse</span> <span class='ocrx_word' id='word_1_122' title='bbox 981 1481 1104 1538; x_wconf 82' lang='lat' dir='ltr'>brevior:</span> <span class='ocrx_word' id='word_1_123' title='bbox 1129 1497 1244 1558; x_wconf 89' lang='lat' dir='ltr'>quem,</span> 
     </span>
    </p>
   </div>
   <div class='ocr_carea' id='block_1_5' title="bbox 138 1563 1329 1813">
    <p class='ocr_par' dir='ltr' id='par_1_5' title="bbox 138 1563 1329 1813">
     <span class='ocr_line' id='line_1_15' title="bbox 138 1563 1329 1650; baseline -0.015 -18"><span class='ocrx_word' id='word_1_124' title='bbox 138 1589 272 1650; x_wconf 81' lang='lat' dir='ltr'>quaeso,</span> <span class='ocrx_word' id='word_1_125' title='bbox 295 1575 440 1630; x_wconf 89' lang='lat' dir='ltr'>nostrum</span> <span class='ocrx_word' id='word_1_126' title='bbox 457 1563 572 1628; x_wconf 87' lang='lat' dir='ltr'>fefellit</span> <span class='ocrx_word' id='word_1_127' title='bbox 589 1564 635 1628; x_wconf 87' lang='lat' dir='ltr'>ita</span> <span class='ocrx_word' id='word_1_128' title='bbox 652 1586 709 1628; x_wconf 92' lang='lat' dir='ltr'>vos</span> <span class='ocrx_word' id='word_1_129' title='bbox 728 1585 797 1628; x_wconf 87' lang='lat' dir='ltr'>esse</span> <span class='ocrx_word' id='word_1_130' title='bbox 815 1563 974 1627; x_wconf 83' lang='lat' dir='ltr'>facturos?</span> <span class='ocrx_word' id='word_1_131' title='bbox 1009 1565 1076 1622; x_wconf 82' lang='lat' dir='ltr'>Cic.</span> <span class='ocrx_word' id='word_1_132' title='bbox 1087 1565 1164 1622; x_wconf 85' lang='lat' dir='ltr'>Orat.</span> <span class='ocrx_word' id='word_1_133' title='bbox 1175 1567 1243 1624; x_wconf 75' lang='lat'><strong>225.</strong></span> <span class='ocrx_word' id='word_1_134' title='bbox 1328 1575 1329 1614; x_wconf 82' lang='grc' dir='ltr'><em>ῑ</em></span> 
     </span>
     <span class='ocr_line' id='line_1_16' title="bbox 202 1663 1329 1813; baseline -0.004 -82"><span class='ocrx_word' id='word_1_135' title='bbox 202 1668 233 1731; x_wconf 87' lang='grc'>3.</span> <span class='ocrx_word' id='word_1_136' title='bbox 255 1689 333 1732; x_wconf 91' lang='lat' dir='ltr'>num</span> <span class='ocrx_word' id='word_1_137' title='bbox 355 1665 389 1731; x_wconf 92' lang='lat' dir='ltr'>in</span> <span class='ocrx_word' id='word_1_138' title='bbox 413 1688 465 1743; x_wconf 87' lang='lat' dir='ltr'>eo,</span> <span class='ocrx_word' id='word_1_139' title='bbox 493 1665 549 1750; x_wconf 92' lang='lat' dir='ltr'>qui</span> <span class='ocrx_word' id='word_1_140' title='bbox 571 1665 635 1731; x_wconf 89' lang='lat' dir='ltr'>sint</span> <span class='ocrx_word' id='word_1_141' title='bbox 656 1665 690 1729; x_wconf 93' lang='lat' dir='ltr'>hi</span> <span class='ocrx_word' id='word_1_142' title='bbox 712 1675 824 1740; x_wconf 88' lang='lat' dir='ltr'>testes,</span> <span class='ocrx_word' id='word_1_143' title='bbox 851 1663 1033 1730; x_wconf 83' lang='lat' dir='ltr'>haesitatis?</span> <span class='ocrx_word' id='word_1_144' title='bbox 1060 1685 1121 1813; x_wconf 52' lang='lat' dir='ltr'>eqo</span> <span class='ocrx_word' id='word_1_145' title='bbox 1144 1663 1241 1728; x_wconf 85' lang='lat' dir='ltr'>vobis</span> <span class='ocrx_word' id='word_1_146' title='bbox 1328 1705 1329 1708; x_wconf 58' lang='lat'><em>=</em></span> 
     </span>
    </p>
   </div>
   <div class='ocr_carea' id='block_1_6' title="bbox 137 1749 1329 1924">
    <p class='ocr_par' dir='ltr' id='par_1_6' title="bbox 137 1749 1329 1924">
     <span class='ocr_line' id='line_1_17' title="bbox 138 1749 1329 1834; baseline -0.005 -15"><span class='ocrx_word' id='word_1_147' title='bbox 138 1753 246 1819; x_wconf 87' lang='lat' dir='ltr'>edam:</span> <span class='ocrx_word' id='word_1_148' title='bbox 274 1752 338 1816; x_wconf 90' lang='lat' dir='ltr'>duo</span> <span class='ocrx_word' id='word_1_149' title='bbox 355 1751 470 1834; x_wconf 86' lang='lat' dir='ltr'>reliqui</span> <span class='ocrx_word' id='word_1_150' title='bbox 493 1760 567 1815; x_wconf 90' lang='lat' dir='ltr'>sunt</span> <span class='ocrx_word' id='word_1_151' title='bbox 589 1751 629 1815; x_wconf 89' lang='lat' dir='ltr'>de</span> <span class='ocrx_word' id='word_1_152' title='bbox 647 1751 882 1826; x_wconf 84' lang='lat' dir='ltr'>consularibus,</span> <span class='ocrx_word' id='word_1_153' title='bbox 904 1749 1024 1815; x_wconf 88' lang='lat' dir='ltr'>inimici</span> <span class='ocrx_word' id='word_1_154' title='bbox 1046 1751 1087 1814; x_wconf 89' lang='lat' dir='ltr'>tri</span> <span class='ocrx_word' id='word_1_155' title='bbox 1110 1749 1240 1814; x_wconf 87' lang='lat' dir='ltr'>uniciac</span> <span class='ocrx_word' id='word_1_156' title='bbox 1328 1779 1329 1782; x_wconf 40' lang='lat'>¹</span> 
     </span>
     <span class='ocr_line' id='line_1_18' title="bbox 137 1835 1329 1924; baseline -0.002 -22"><span class='ocrx_word' id='word_1_157' title='bbox 137 1838 319 1924; x_wconf 85' lang='lat' dir='ltr'>potestatis3</span> <span class='ocrx_word' id='word_1_158' title='bbox 347 1836 442 1922; x_wconf 86' lang='lat' dir='ltr'>pauci</span> <span class='ocrx_word' id='word_1_159' title='bbox 465 1847 630 1922; x_wconf 86' lang='lat' dir='ltr'>praeterea</span> <span class='ocrx_word' id='word_1_160' title='bbox 651 1837 869 1902; x_wconf 84' lang='lat' dir='ltr'>adsentatores</span> <span class='ocrx_word' id='word_1_161' title='bbox 892 1857 1003 1901; x_wconf 88' lang='lat' dir='ltr'>eorum</span> <span class='ocrx_word' id='word_1_162' title='bbox 1025 1848 1122 1920; x_wconf 87' lang='lat' dir='ltr'>atque</span> <span class='ocrx_word' id='word_1_163' title='bbox 1145 1835 1241 1900; x_wconf 89' lang='lat' dir='ltr'>adse·</span> <span class='ocrx_word' id='word_1_164' title='bbox 1328 1879 1329 1884; x_wconf 51' lang='lat'><strong>.</strong></span> 
     </span>
    </p>
   </div>
   <div class='ocr_carea' id='block_1_7' title="bbox 139 1923 474 2007">
    <p class='ocr_par' dir='ltr' id='par_1_7' title="bbox 139 1923 474 2007">
     <span class='ocr_line' id='line_1_19' title="bbox 139 1923 474 2007; baseline -0.009 -18"><span class='ocrx_word' id='word_1_165' title='bbox 139 1924 208 1989; x_wconf 86' lang='lat' dir='ltr'>alae</span> <span class='ocrx_word' id='word_1_166' title='bbox 226 1923 474 2007; x_wconf 87' lang='lat' dir='ltr'>subsequuntur.</span> 
     </span>
    </p>
   </div>
   <div class='ocr_carea' id='block_1_8' title="bbox 190 2025 1329 2312">
    <p class='ocr_par' dir='ltr' id='par_1_8' title="bbox 190 2019 1329 2312">
     <span class='ocr_line' id='line_1_20' title="bbox 241 2025 1237 2096; baseline -0.003 -17"><span class='ocrx_word' id='word_1_167' title='bbox 241 2025 282 2080; x_wconf 90' lang='lat' dir='ltr'>M.</span> <span class='ocrx_word' id='word_1_168' title='bbox 294 2025 434 2078; x_wconf 81' lang='lat' dir='ltr'>Lucullum</span> <span class='ocrx_word' id='word_1_169' title='bbox 450 2025 672 2093; x_wconf 75' lang='lat' dir='ltr'>etl1.&#39;Lepidum</span> <span class='ocrx_word' id='word_1_170' title='bbox 688 2025 826 2096; x_wconf 74' lang='lat' dir='ltr'>eiqnificat.</span> <span class='ocrx_word' id='word_1_171' title='bbox 862 2026 975 2096; x_wconf 81' lang='lat' dir='ltr'>quinque</span> <span class='ocrx_word' id='word_1_172' title='bbox 991 2027 1058 2079; x_wconf 85' lang='lat' dir='ltr'>enim</span> <span class='ocrx_word' id='word_1_173' title='bbox 1075 2027 1237 2089; x_wconf 78' lang='lat' dir='ltr'>consulares,</span> 
     </span>
     <span class='ocr_line' id='line_1_21' title="bbox 192 2094 1329 2162; baseline 0.001 -16"><span class='ocrx_word' id='word_1_174' title='bbox 192 2103 221 2147; x_wconf 86' lang='lat' dir='ltr'>at</span> <span class='ocrx_word' id='word_1_175' title='bbox 237 2095 290 2146; x_wconf 84' lang='lat' dir='ltr'>iam</span> <span class='ocrx_word' id='word_1_176' title='bbox 307 2094 427 2161; x_wconf 70' lang='lat' dir='ltr'>dietmar,</span> <span class='ocrx_word' id='word_1_177' title='bbox 448 2095 477 2146; x_wconf 81' lang='lat' dir='ltr'>in</span> <span class='ocrx_word' id='word_1_178' title='bbox 496 2094 645 2146; x_wconf 82' lang='lat' dir='ltr'>Corneliam</span> <span class='ocrx_word' id='word_1_179' title='bbox 665 2094 837 2147; x_wconf 81' lang='lat' dir='ltr'>testimoniam</span> <span class='ocrx_word' id='word_1_180' title='bbox 858 2095 992 2148; x_wconf 64' lang='lat' dir='ltr'>arserant.-</span> <span class='ocrx_word' id='word_1_181' title='bbox 1016 2096 1046 2156; x_wconf 70' lang='grc' dir='ltr'>ρ.</span> <span class='ocrx_word' id='word_1_182' title='bbox 1066 2096 1186 2161; x_wconf 73' lang='lat' dir='ltr'>Cattelas,</span> <span class='ocrx_word' id='word_1_183' title='bbox 1206 2095 1237 2154; x_wconf 78' lang='lat' dir='ltr'>Q.</span> <span class='ocrx_word' id='word_1_184' title='bbox 1328 2129 1329 2162; x_wconf 58' lang='lat'>3</span> 
     </span>
     <span class='ocr_line' id='line_1_22' title="bbox 190 2161 1329 2233; baseline -0.003 -16"><span class='ocrx_word' id='word_1_185' title='bbox 190 2163 359 2228; x_wconf 80' lang='lat' dir='ltr'>Hortensius,</span> <span class='ocrx_word' id='word_1_186' title='bbox 375 2163 405 2223; x_wconf 76' lang='lat' dir='ltr'>Q.</span> <span class='ocrx_word' id='word_1_187' title='bbox 418 2163 540 2216; x_wconf 82' lang='lat' dir='ltr'>Metellae</span> <span class='ocrx_word' id='word_1_188' title='bbox 551 2163 617 2216; x_wconf 80' lang='lat' dir='ltr'>Piae</span> <span class='ocrx_word' id='word_1_189' title='bbox 624 2161 746 2232; x_wconf 70' lang='lat' dir='ltr'>pontifex</span> <span class='ocrx_word' id='word_1_190' title='bbox 756 2163 897 2231; x_wconf 76' lang='lat' dir='ltr'>mactmus,</span> <span class='ocrx_word' id='word_1_191' title='bbox 912 2181 976 2233; x_wconf 81' lang='lat' dir='ltr'>qaae</span> <span class='ocrx_word' id='word_1_192' title='bbox 987 2164 1036 2216; x_wconf 81' lang='lat' dir='ltr'>bac</span> <span class='ocrx_word' id='word_1_193' title='bbox 1048 2165 1162 2217; x_wconf 81' lang='lat' dir='ltr'>secanda</span> <span class='ocrx_word' id='word_1_194' title='bbox 1173 2179 1235 2214; x_wconf 88' lang='lat' dir='ltr'>ora·</span> <span class='ocrx_word' id='word_1_195' title='bbox 1328 2191 1329 2228; x_wconf 49' lang='lat'>3</span> 
     </span>
     <span class='ocr_line' id='line_1_23' title="bbox 191 2231 1329 2312; baseline -0.001 -29"><span class='ocrx_word' id='word_1_196' title='bbox 191 2232 260 2284; x_wconf 84' lang='lat' dir='ltr'>tione</span> <span class='ocrx_word' id='word_1_197' title='bbox 272 2239 377 2297; x_wconf 83' lang='lat' dir='ltr'>tractat,</span> <span class='ocrx_word' id='word_1_198' title='bbox 389 2238 413 2283; x_wconf 87' lang='lat' dir='ltr'>et</span> <span class='ocrx_word' id='word_1_199' title='bbox 424 2231 484 2312; x_wconf 74' lang='lat' dir='ltr'>dap,</span> <span class='ocrx_word' id='word_1_200' title='bbox 500 2231 547 2300; x_wconf 83' lang='lat' dir='ltr'>qai</span> <span class='ocrx_word' id='word_1_201' title='bbox 556 2249 609 2284; x_wconf 90' lang='lat' dir='ltr'>non</span> <span class='ocrx_word' id='word_1_202' title='bbox 621 2233 749 2298; x_wconf 72' lang='lat' dir='ltr'>diamant,</span> <span class='ocrx_word' id='word_1_203' title='bbox 764 2247 829 2302; x_wconf 82' lang='lat' dir='ltr'>quos</span> <span class='ocrx_word' id='word_1_204' title='bbox 840 2248 910 2284; x_wconf 88' lang='lat' dir='ltr'>nanc</span> <span class='ocrx_word' id='word_1_205' title='bbox 921 2233 1060 2304; x_wconf 72' lang='lat' dir='ltr'>siqnificat,</span> <span class='ocrx_word' id='word_1_206' title='bbox 1073 2233 1201 2286; x_wconf 80' lang='lat' dir='ltr'>Lucullus</span> <span class='ocrx_word' id='word_1_207' title='bbox 1212 2239 1237 2283; x_wconf 84' lang='lat' dir='ltr'>et</span> <span class='ocrx_word' id='word_1_208' title='bbox 1328 2265 1329 2270; x_wconf 66' lang='lat'>,</span> 
     </span>
    </p>
   </div>
   <div class='ocr_carea' id='block_1_9' title="bbox 140 2297 1329 2990">
    <p class='ocr_par' dir='ltr' id='par_1_9' title="bbox 190 2297 1329 2368">
     <span class='ocr_line' id='line_1_24' title="bbox 190 2297 1329 2368; baseline 0.003 -18"><span class='ocrx_word' id='word_1_209' title='bbox 190 2299 312 2368; x_wconf 79' lang='lat' dir='ltr'>Lepidae.</span> <span class='ocrx_word' id='word_1_210' title='bbox 340 2297 654 2367; x_wconf 77' lang='lat' dir='ltr'>Asconrus,ut4-7.</span> <span class='ocrx_word' id='word_1_211' title='bbox 1328 2343 1329 2366; x_wconf 79' lang='lat'>,</span> 
     </span>
    </p>

    <p class='ocr_par' dir='ltr' id='par_1_10' title="bbox 140 2385 1329 2990">
     <span class='ocr_line' id='line_1_25' title="bbox 202 2385 1329 2476; baseline 0.002 -26"><span class='ocrx_word' id='word_1_212' title='bbox 202 2387 235 2451; x_wconf 91' lang='lat'>4.</span> <span class='ocrx_word' id='word_1_213' title='bbox 258 2386 314 2451; x_wconf 88' lang='lat' dir='ltr'>sed</span> <span class='ocrx_word' id='word_1_214' title='bbox 334 2385 360 2450; x_wconf 86' lang='lat' dir='ltr'>si</span> <span class='ocrx_word' id='word_1_215' title='bbox 382 2387 580 2453; x_wconf 87' lang='lat' dir='ltr'>familiariter</span> <span class='ocrx_word' id='word_1_216' title='bbox 598 2411 637 2452; x_wconf 88' lang='lat' dir='ltr'>ex</span> <span class='ocrx_word' id='word_1_217' title='bbox 656 2386 698 2470; x_wconf 81' lang='lat' dir='ltr'>Q.</span> <span class='ocrx_word' id='word_1_218' title='bbox 718 2385 835 2454; x_wconf 89' lang='lat' dir='ltr'>Catulo</span> <span class='ocrx_word' id='word_1_219' title='bbox 854 2388 1086 2476; x_wconf 85' lang='lat' dir='ltr'>sapientissimo</span> <span class='ocrx_word' id='word_1_220' title='bbox 1104 2388 1172 2454; x_wconf 83' lang='lat' dir='ltr'>viro</span> <span class='ocrx_word' id='word_1_221' title='bbox 1190 2399 1237 2452; x_wconf 88' lang='lat' dir='ltr'>at·</span> <span class='ocrx_word' id='word_1_222' title='bbox 1328 2399 1329 2460; x_wconf 73' lang='lat' dir='ltr'>l</span> 
     </span>
     <span class='ocr_line' id='line_1_26' title="bbox 140 2472 1329 2558; baseline 0 -20"><span class='ocrx_word' id='word_1_223' title='bbox 140 2495 204 2558; x_wconf 89' lang='lat' dir='ltr'>que</span> <span class='ocrx_word' id='word_1_224' title='bbox 222 2472 452 2538; x_wconf 86' lang='lat' dir='ltr'>humanissimo</span> <span class='ocrx_word' id='word_1_225' title='bbox 474 2474 569 2538; x_wconf 84' lang='lat' dir='ltr'>velim</span> <span class='ocrx_word' id='word_1_226' title='bbox 588 2495 754 2557; x_wconf 89' lang='lat' dir='ltr'>quaerere,</span> <span class='ocrx_word' id='word_1_227' title='bbox 778 2475 880 2540; x_wconf 85' lang='lat' dir='ltr'>utrius</span> <span class='ocrx_word' id='word_1_228' title='bbox 903 2476 1033 2540; x_wconf 87' lang='lat' dir='ltr'>tandem</span> <span class='ocrx_word' id='word_1_229' title='bbox 1056 2475 1114 2540; x_wconf 90' lang='lat' dir='ltr'>tibi</span> <span class='ocrx_word' id='word_1_230' title='bbox 1138 2475 1237 2540; x_wconf 84' lang='lat' dir='ltr'>tribu·</span> <span class='ocrx_word' id='word_1_231' title='bbox 1328 2483 1329 2553; x_wconf 75' lang='lat' dir='ltr'>l</span> 
     </span>
     <span class='ocr_line' id='line_1_27' title="bbox 140 2557 1329 2644; baseline 0 -20"><span class='ocrx_word' id='word_1_232' title='bbox 140 2571 235 2624; x_wconf 86' lang='lat' dir='ltr'>natue</span> <span class='ocrx_word' id='word_1_233' title='bbox 262 2559 366 2624; x_wconf 78' lang='lat' dir='ltr'>nunus</span> <span class='ocrx_word' id='word_1_234' title='bbox 388 2559 516 2644; x_wconf 89' lang='lat' dir='ltr'>probari</span> <span class='ocrx_word' id='word_1_235' title='bbox 538 2570 643 2644; x_wconf 90' lang='lat' dir='ltr'>potest</span> <span class='ocrx_word' id='word_1_236' title='bbox 666 2557 705 2624; x_wconf 86' lang='lat' dir='ltr'>C.</span> <span class='ocrx_word' id='word_1_237' title='bbox 731 2557 871 2626; x_wconf 88' lang='lat' dir='ltr'>Cornelii</span> <span class='ocrx_word' id='word_1_238' title='bbox 894 2585 952 2638; x_wconf 89' lang='lat' dir='ltr'>an,</span> <span class='ocrx_word' id='word_1_239' title='bbox 978 2582 1042 2625; x_wconf 89' lang='lat' dir='ltr'>nou</span> <span class='ocrx_word' id='word_1_240' title='bbox 1070 2561 1174 2624; x_wconf 90' lang='lat' dir='ltr'>dicam</span> <span class='ocrx_word' id='word_1_241' title='bbox 1196 2559 1235 2624; x_wconf 93' lang='lat' dir='ltr'>P.</span> <span class='ocrx_word' id='word_1_242' title='bbox 1328 2557 1329 2582; x_wconf 57' lang='lat'><strong>¹</strong></span> 
     </span>
     <span class='ocr_line' id='line_1_28' title="bbox 141 2643 1235 2730; baseline -0.001 -19"><span class='ocrx_word' id='word_1_243' title='bbox 141 2644 275 2730; x_wconf 83' lang='lat' dir='ltr'>Sulpici,</span> <span class='ocrx_word' id='word_1_244' title='bbox 302 2667 367 2709; x_wconf 88' lang='lat' dir='ltr'>non</span> <span class='ocrx_word' id='word_1_245' title='bbox 393 2645 434 2710; x_wconf 90' lang='lat' dir='ltr'>L.</span> <span class='ocrx_word' id='word_1_246' title='bbox 458 2643 637 2723; x_wconf 86' lang='lat' dir='ltr'>Saturnini,</span> <span class='ocrx_word' id='word_1_247' title='bbox 664 2667 729 2711; x_wconf 90' lang='lat' dir='ltr'>non</span> <span class='ocrx_word' id='word_1_248' title='bbox 757 2645 821 2712; x_wconf 87' lang='lat' dir='ltr'>Gai</span> <span class='ocrx_word' id='word_1_249' title='bbox 845 2646 1002 2722; x_wconf 81' lang='lat' dir='ltr'>Gra-echi,</span> <span class='ocrx_word' id='word_1_250' title='bbox 1026 2667 1092 2709; x_wconf 89' lang='lat' dir='ltr'>non</span> <span class='ocrx_word' id='word_1_251' title='bbox 1117 2645 1235 2720; x_wconf 80' lang='lat' dir='ltr'>Tiberi,</span> 
     </span>
     <span class='ocr_line' id='line_1_29' title="bbox 140 2730 1233 2812; baseline -0.001 -17"><span class='ocrx_word' id='word_1_252' title='bbox 140 2730 315 2806; x_wconf 90' lang='lat' dir='ltr'>neminem,</span> <span class='ocrx_word' id='word_1_253' title='bbox 343 2751 438 2812; x_wconf 88' lang='lat' dir='ltr'>quem</span> <span class='ocrx_word' id='word_1_254' title='bbox 461 2730 513 2794; x_wconf 91' lang='lat' dir='ltr'>isti</span> <span class='ocrx_word' id='word_1_255' title='bbox 536 2730 721 2796; x_wconf 87' lang='lat' dir='ltr'>seditiosum</span> <span class='ocrx_word' id='word_1_256' title='bbox 744 2732 941 2809; x_wconf 87' lang='lat' dir='ltr'>existimant,</span> <span class='ocrx_word' id='word_1_257' title='bbox 967 2730 1154 2808; x_wconf 88' lang='lat' dir='ltr'>nominabo,</span> <span class='ocrx_word' id='word_1_258' title='bbox 1180 2732 1233 2795; x_wconf 89' lang='lat' dir='ltr'>sed</span> 
     </span>
     <span class='ocr_line' id='line_1_30' title="bbox 141 2813 1234 2904; baseline 0.002 -26"><span class='ocrx_word' id='word_1_259' title='bbox 141 2815 292 2879; x_wconf 87' lang='lat' dir='ltr'>avunculi</span> <span class='ocrx_word' id='word_1_260' title='bbox 314 2815 375 2891; x_wconf 91' lang='lat' dir='ltr'>tui,</span> <span class='ocrx_word' id='word_1_261' title='bbox 403 2813 446 2896; x_wconf 82' lang='lat' dir='ltr'>Q.</span> <span class='ocrx_word' id='word_1_262' title='bbox 460 2813 596 2892; x_wconf 82' lang='lat' dir='ltr'>Catule,</span> <span class='ocrx_word' id='word_1_263' title='bbox 623 2817 789 2884; x_wconf 74' lang='lat' dir='ltr'>clarissimi</span> <span class='ocrx_word' id='word_1_264' title='bbox 815 2819 1001 2904; x_wconf 85' lang='lat' dir='ltr'>patriaeque</span> <span class='ocrx_word' id='word_1_265' title='bbox 1029 2817 1234 2882; x_wconf 87' lang='lat' dir='ltr'>amantissimi</span> 
     </span>
     <span class='ocr_line' id='line_1_31' title="bbox 141 2899 951 2990; baseline 0.002 -24"><span class='ocrx_word' id='word_1_266' title='bbox 141 2900 211 2978; x_wconf 90' lang='lat' dir='ltr'>viri,</span> <span class='ocrx_word' id='word_1_267' title='bbox 229 2901 307 2984; x_wconf 91' lang='lat' dir='ltr'>quid</span> <span class='ocrx_word' id='word_1_268' title='bbox 325 2899 403 2964; x_wconf 90' lang='lat' dir='ltr'>mihi</span> <span class='ocrx_word' id='word_1_269' title='bbox 421 2901 549 2966; x_wconf 89' lang='lat' dir='ltr'>tandem</span> <span class='ocrx_word' id='word_1_270' title='bbox 567 2925 795 2988; x_wconf 84' lang='lat' dir='ltr'>responsurum</span> <span class='ocrx_word' id='word_1_271' title='bbox 812 2904 951 2990; x_wconf 80' lang='lat' dir='ltr'>putatis?</span> 
     </span>
    </p>
   </div>
   <div class='ocr_carea' id='block_1_10' title="bbox 141 3003 1327 3268">
    <p class='ocr_par' dir='ltr' id='par_1_11' title="bbox 141 3003 1327 3268">
     <span class='ocr_line' id='line_1_32' title="bbox 205 3003 1327 3090; baseline 0.003 -20"><span class='ocrx_word' id='word_1_272' title='bbox 205 3003 236 3070; x_wconf 82' lang='lat'>5.</span> <span class='ocrx_word' id='word_1_273' title='bbox 259 3004 356 3090; x_wconf 81' lang='lat' dir='ltr'>quid?</span> <span class='ocrx_word' id='word_1_274' title='bbox 379 3007 557 3072; x_wconf 82' lang='lat' dir='ltr'>avunculus</span> <span class='ocrx_word' id='word_1_275' title='bbox 570 3019 665 3088; x_wconf 86' lang='lat' dir='ltr'>tuus,</span> <span class='ocrx_word' id='word_1_276' title='bbox 683 3008 875 3075; x_wconf 83' lang='lat' dir='ltr'>clarissimus</span> <span class='ocrx_word' id='word_1_277' title='bbox 893 3009 956 3087; x_wconf 86' lang='lat' dir='ltr'>vir,</span> <span class='ocrx_word' id='word_1_278' title='bbox 975 3009 1149 3076; x_wconf 83' lang='lat' dir='ltr'>clarissimo</span> <span class='ocrx_word' id='word_1_279' title='bbox 1167 3031 1233 3083; x_wconf 87' lang='lat' dir='ltr'>avo,</span> <span class='ocrx_word' id='word_1_280' title='bbox 1326 3065 1327 3068; x_wconf 67' lang='grc'>,</span> 
     </span>
     <span class='ocr_line' id='line_1_33' title="bbox 141 3091 1232 3194; baseline 0.003 -38"><span class='ocrx_word' id='word_1_281' title='bbox 141 3101 247 3194; x_wconf 87' lang='lat' dir='ltr'>patre,</span> <span class='ocrx_word' id='word_1_282' title='bbox 272 3091 461 3168; x_wconf 87' lang='lat' dir='ltr'>maioribus,</span> <span class='ocrx_word' id='word_1_283' title='bbox 488 3093 599 3168; x_wconf 87' lang='lat' dir='ltr'>oredo,</span> <span class='ocrx_word' id='word_1_284' title='bbox 627 3095 762 3170; x_wconf 89' lang='lat' dir='ltr'>silentio,</span> <span class='ocrx_word' id='word_1_285' title='bbox 788 3095 918 3160; x_wconf 88' lang='lat' dir='ltr'>favente</span> <span class='ocrx_word' id='word_1_286' title='bbox 944 3096 1124 3174; x_wconf 88' lang='lat' dir='ltr'>nobilitate,</span> <span class='ocrx_word' id='word_1_287' title='bbox 1150 3095 1232 3160; x_wconf 91' lang='lat' dir='ltr'>nullo</span> 
     </span>
     <span class='ocr_line' id='line_1_34' title="bbox 141 3180 1327 3268; baseline 0.003 -26"><span class='ocrx_word' id='word_1_288' title='bbox 141 3188 350 3242; x_wconf 79' lang='lat' dir='ltr'>intercessore</span> <span class='ocrx_word' id='word_1_289' title='bbox 367 3189 565 3262; x_wconf 87' lang='lat' dir='ltr'>comparato,</span> <span class='ocrx_word' id='word_1_290' title='bbox 588 3181 706 3264; x_wconf 90' lang='lat' dir='ltr'>populo</span> <span class='ocrx_word' id='word_1_291' title='bbox 724 3180 871 3246; x_wconf 84' lang='lat' dir='ltr'>Romano</span> <span class='ocrx_word' id='word_1_292' title='bbox 895 3182 983 3247; x_wconf 88' lang='lat' dir='ltr'>dedit</span> <span class='ocrx_word' id='word_1_293' title='bbox 1006 3193 1037 3247; x_wconf 90' lang='lat' dir='ltr'>et</span> <span class='ocrx_word' id='word_1_294' title='bbox 1058 3182 1233 3268; x_wconf 89' lang='lat' dir='ltr'>potentissi·</span> <span class='ocrx_word' id='word_1_295' title='bbox 1326 3193 1327 3210; x_wconf 66' lang='lat'>¹</span> 
     </span>
    </p>
   </div>
   <div class='ocr_carea' id='block_1_11' title="bbox 141 3262 1231 3432">
    <p class='ocr_par' dir='ltr' id='par_1_12' title="bbox 141 3262 1231 3432">
     <span class='ocr_line' id='line_1_35' title="bbox 141 3262 1231 3412; baseline 0.005 -86"><span class='ocrx_word' id='word_1_296' title='bbox 141 3283 268 3326; x_wconf 87' lang='lat' dir='ltr'>morum</span> <span class='ocrx_word' id='word_1_297' title='bbox 285 3262 451 3412; x_wconf 67' lang='lat' dir='ltr'>hoqrinum</span> <span class='ocrx_word' id='word_1_298' title='bbox 471 3263 612 3349; x_wconf 85' lang='lat' dir='ltr'>collegiis</span> <span class='ocrx_word' id='word_1_299' title='bbox 631 3265 747 3350; x_wconf 85' lang='lat' dir='ltr'>eripuit</span> <span class='ocrx_word' id='word_1_300' title='bbox 764 3267 1016 3352; x_wconf 87' lang='lat' dir='ltr'>cooptandorum</span> <span class='ocrx_word' id='word_1_301' title='bbox 1039 3269 1231 3335; x_wconf 88' lang='lat' dir='ltr'>sacerdotum</span> 
     </span>
     <span class='ocr_line' id='line_1_36' title="bbox 142 3357 910 3432; baseline 0 -20"><span class='ocrx_word' id='word_1_302' title='bbox 142 3357 333 3432; x_wconf 88' lang='lat' dir='ltr'>potestatem</span> <span class='ocrx_word' id='word_1_303' title='bbox 907 3388 910 3394; x_wconf 89' lang='lat'><em>·</em></span> 
     </span>
    </p>
   </div>
   <div class='ocr_carea' id='block_1_12' title="bbox 194 3446 1232 3724">
    <p class='ocr_par' dir='ltr' id='par_1_13' title="bbox 194 3446 1232 3724">
     <span class='ocr_line' id='line_1_37' title="bbox 245 3446 1230 3523; baseline 0.004 -21"><span class='ocrx_word' id='word_1_304' title='bbox 245 3446 332 3518; x_wconf 80' lang='lat' dir='ltr'>quid?</span> <span class='ocrx_word' id='word_1_305' title='bbox 352 3449 502 3504; x_wconf 76' lang='lat' dir='ltr'>ammeulus</span> <span class='ocrx_word' id='word_1_306' title='bbox 518 3459 564 3504; x_wconf 87' lang='lat' dir='ltr'>etc.</span> <span class='ocrx_word' id='word_1_307' title='bbox 588 3453 635 3504; x_wconf 80' lang='lat' dir='ltr'>boc</span> <span class='ocrx_word' id='word_1_308' title='bbox 647 3469 721 3520; x_wconf 65' lang='lat' dir='ltr'>caere</span> <span class='ocrx_word' id='word_1_309' title='bbox 737 3454 916 3521; x_wconf 81' lang='lat' dir='ltr'>enarratione,</span> <span class='ocrx_word' id='word_1_310' title='bbox 934 3453 996 3523; x_wconf 78' lang='lat' dir='ltr'>quta</span> <span class='ocrx_word' id='word_1_311' title='bbox 1012 3453 1059 3506; x_wconf 77' lang='lat' dir='ltr'>noc</span> <span class='ocrx_word' id='word_1_312' title='bbox 1076 3454 1133 3506; x_wconf 83' lang='lat' dir='ltr'>loco</span> <span class='ocrx_word' id='word_1_313' title='bbox 1146 3470 1230 3507; x_wconf 82' lang='lat' dir='ltr'>nornen</span> 
     </span>
     <span class='ocr_line' id='line_1_38' title="bbox 194 3518 1230 3591; baseline 0.002 -21"><span class='ocrx_word' id='word_1_314' title='bbox 194 3533 248 3591; x_wconf 62' lang='grc' dir='ltr'>ηομ</span> <span class='ocrx_word' id='word_1_315' title='bbox 260 3518 349 3586; x_wconf 82' lang='lat' dir='ltr'>ponit,</span> <span class='ocrx_word' id='word_1_316' title='bbox 365 3519 423 3588; x_wconf 83' lang='lat' dir='ltr'>qais</span> <span class='ocrx_word' id='word_1_317' title='bbox 439 3519 541 3585; x_wconf 79' lang='lat' dir='ltr'>fecerit,</span> <span class='ocrx_word' id='word_1_318' title='bbox 558 3521 584 3572; x_wconf 81' lang='lat' dir='ltr'>ei</span> <span class='ocrx_word' id='word_1_319' title='bbox 597 3521 698 3574; x_wconf 54' lang='lat' dir='ltr'>&amp;marn</span> <span class='ocrx_word' id='word_1_320' title='bbox 714 3521 798 3574; x_wconf 81' lang='lat' dir='ltr'>videri</span> <span class='ocrx_word' id='word_1_321' title='bbox 807 3531 904 3590; x_wconf 79' lang='lat' dir='ltr'>potest,</span> <span class='ocrx_word' id='word_1_322' title='bbox 921 3521 968 3591; x_wconf 77' lang='lat' dir='ltr'>qai</span> <span class='ocrx_word' id='word_1_323' title='bbox 982 3522 1075 3574; x_wconf 81' lang='lat' dir='ltr'>oblitae</span> <span class='ocrx_word' id='word_1_324' title='bbox 1089 3521 1136 3586; x_wconf 81' lang='lat' dir='ltr'>ait,</span> <span class='ocrx_word' id='word_1_325' title='bbox 1153 3522 1230 3573; x_wconf 81' lang='lat' dir='ltr'>minas</span> 
     </span>
     <span class='ocr_line' id='line_1_39' title="bbox 194 3586 1232 3708; baseline 0.004 -70"><span class='ocrx_word' id='word_1_326' title='bbox 194 3594 255 3639; x_wconf 87' lang='lat' dir='ltr'>ante</span> <span class='ocrx_word' id='word_1_327' title='bbox 266 3586 418 3708; x_wconf 38' lang='lat' dir='ltr'><em>&amp;germ</em></span> <span class='ocrx_word' id='word_1_328' title='bbox 433 3588 497 3641; x_wconf 79' lang='lat' dir='ltr'>laea</span> <span class='ocrx_word' id='word_1_329' title='bbox 512 3588 544 3641; x_wconf 84' lang='lat' dir='ltr'>de</span> <span class='ocrx_word' id='word_1_330' title='bbox 555 3605 584 3642; x_wconf 84' lang='lat' dir='ltr'>eo</span> <span class='ocrx_word' id='word_1_331' title='bbox 600 3590 656 3658; x_wconf 80' lang='lat' dir='ltr'>ipso</span> <span class='ocrx_word' id='word_1_332' title='bbox 671 3590 820 3642; x_wconf 73' lang='lat' dir='ltr'>Ciceronem</span> <span class='ocrx_word' id='word_1_333' title='bbox 836 3591 944 3643; x_wconf 68' lang='lat' dir='ltr'>rimasse:</span> <span class='ocrx_word' id='word_1_334' title='bbox 961 3589 1011 3642; x_wconf 88' lang='lat' dir='ltr'>sed</span> <span class='ocrx_word' id='word_1_335' title='bbox 1028 3587 1054 3642; x_wconf 90' lang='lat' dir='ltr'>si</span> <span class='ocrx_word' id='word_1_336' title='bbox 1065 3587 1232 3642; x_wconf 85' lang='lat' dir='ltr'>familiariter</span> 
     </span>
     <span class='ocr_line' id='line_1_40' title="bbox 194 3670 353 3724; baseline 0.013 -18"><span class='ocrx_word' id='word_1_337' title='bbox 194 3670 280 3724; x_wconf 82' lang='lat' dir='ltr'>-pu</span> <span class='ocrx_word' id='word_1_338' title='bbox 348 3695 353 3708; x_wconf 90' lang='lat'><strong>.</strong></span> 
     </span>
    </p>
   </div>
   <div class='ocr_carea' id='block_1_13' title="bbox 142 3739 1231 3916">
    <p class='ocr_par' dir='ltr' id='par_1_14' title="bbox 142 3739 1231 3916">
     <span class='ocr_line' id='line_1_41' title="bbox 208 3739 1231 3825; baseline 0.005 -21"><span class='ocrx_word' id='word_1_339' title='bbox 208 3739 239 3806; x_wconf 85' lang='lat'>6.</span> <span class='ocrx_word' id='word_1_340' title='bbox 262 3741 359 3825; x_wconf 81' lang='lat' dir='ltr'>quid?</span> <span class='ocrx_word' id='word_1_341' title='bbox 380 3741 466 3808; x_wconf 91' lang='lat' dir='ltr'>idem</span> <span class='ocrx_word' id='word_1_342' title='bbox 487 3741 651 3809; x_wconf 90' lang='lat' dir='ltr'>Domitius</span> <span class='ocrx_word' id='word_1_343' title='bbox 673 3743 722 3810; x_wconf 95' lang='lat' dir='ltr'>M.</span> <span class='ocrx_word' id='word_1_344' title='bbox 743 3744 891 3812; x_wconf 85' lang='lat' dir='ltr'>Silanum</span> <span class='ocrx_word' id='word_1_345' title='bbox 914 3744 1113 3811; x_wconf 87' lang='lat' dir='ltr'>consularem</span> <span class='ocrx_word' id='word_1_346' title='bbox 1137 3745 1231 3810; x_wconf 89' lang='lat' dir='ltr'>homi·</span> 
     </span>
     <span class='ocr_line' id='line_1_42' title="bbox 142 3827 931 3916; baseline 0.003 -24"><span class='ocrx_word' id='word_1_347' title='bbox 142 3849 217 3893; x_wconf 88' lang='lat' dir='ltr'>uem</span> <span class='ocrx_word' id='word_1_348' title='bbox 234 3847 332 3911; x_wconf 89' lang='lat' dir='ltr'>quem</span> <span class='ocrx_word' id='word_1_349' title='bbox 350 3827 538 3894; x_wconf 87' lang='lat' dir='ltr'>admodum</span> <span class='ocrx_word' id='word_1_350' title='bbox 557 3830 703 3896; x_wconf 87' lang='lat' dir='ltr'>tribunus</span> <span class='ocrx_word' id='word_1_351' title='bbox 721 3831 765 3916; x_wconf 88' lang='lat' dir='ltr'>pl.</span> <span class='ocrx_word' id='word_1_352' title='bbox 783 3831 931 3897; x_wconf 83' lang='lat' dir='ltr'>vexavit?</span> 
     </span>
    </p>
   </div>
   <div class='ocr_carea' id='block_1_14' title="bbox 191 3909 1329 4138">
    <p class='ocr_par' dir='ltr' id='par_1_15' title="bbox 191 3909 1329 4138">
     <span class='ocr_line' id='line_1_43' title="bbox 247 3909 1232 4002; baseline 0.004 -20"><span class='ocrx_word' id='word_1_353' title='bbox 247 3929 286 3982; x_wconf 89' lang='lat' dir='ltr'>M.</span> <span class='ocrx_word' id='word_1_354' title='bbox 299 3929 409 3982; x_wconf 83' lang='lat' dir='ltr'>Silanus</span> <span class='ocrx_word' id='word_1_355' title='bbox 420 3930 595 4000; x_wconf 81' lang='lat' dir='ltr'>quinquennio</span> <span class='ocrx_word' id='word_1_356' title='bbox 608 3940 668 3984; x_wconf 84' lang='lat' dir='ltr'>ante</span> <span class='ocrx_word' id='word_1_357' title='bbox 680 3934 772 3984; x_wconf 84' lang='lat' dir='ltr'>consul</span> <span class='ocrx_word' id='word_1_358' title='bbox 782 3932 871 4000; x_wconf 76' lang='lat' dir='ltr'>fuerat</span> <span class='ocrx_word' id='word_1_359' title='bbox 887 3909 966 4002; x_wconf 73' lang='lat' dir='ltr'>qnam</span> <span class='ocrx_word' id='word_1_360' title='bbox 977 3933 1109 3986; x_wconf 82' lang='lat' dir='ltr'>Domitius</span> <span class='ocrx_word' id='word_1_361' title='bbox 1125 3933 1232 3986; x_wconf 71' lang='lat' dir='ltr'>tribanos</span> 
     </span>
     <span class='ocr_line' id='line_1_44' title="bbox 191 3996 1329 4120; baseline 0.005 -71"><span class='ocrx_word' id='word_1_362' title='bbox 191 3996 284 4066; x_wconf 81' lang='lat' dir='ltr'>plebia,</span> <span class='ocrx_word' id='word_1_363' title='bbox 298 4005 375 4120; x_wconf 56' lang='lat' dir='ltr'>nilque</span> <span class='ocrx_word' id='word_1_364' title='bbox 384 3999 439 4080; x_wconf 70' lang='lat' dir='ltr'>ipse</span> <span class='ocrx_word' id='word_1_365' title='bbox 450 4015 551 4069; x_wconf 82' lang='lat' dir='ltr'>quaque</span> <span class='ocrx_word' id='word_1_366' title='bbox 563 4001 686 4052; x_wconf 81' lang='lat' dir='ltr'>adversae</span> <span class='ocrx_word' id='word_1_367' title='bbox 700 4001 817 4055; x_wconf 75' lang='lat' dir='ltr'>Gimbros</span> <span class='ocrx_word' id='word_1_368' title='bbox 828 4018 882 4054; x_wconf 89' lang='lat' dir='ltr'>rem</span> <span class='ocrx_word' id='word_1_369' title='bbox 895 4003 964 4082; x_wconf 74' lang='lat' dir='ltr'>male</span> <span class='ocrx_word' id='word_1_370' title='bbox 972 4010 1102 4080; x_wconf 57' lang='lat' dir='ltr'>gesserat:</span> <span class='ocrx_word' id='word_1_371' title='bbox 1120 4018 1192 4072; x_wconf 82' lang='lat' dir='ltr'>qaam</span> <span class='ocrx_word' id='word_1_372' title='bbox 1203 4004 1232 4054; x_wconf 86' lang='lat' dir='ltr'>ob</span> <span class='ocrx_word' id='word_1_373' title='bbox 1328 4017 1329 4070; x_wconf 57' lang='lat' dir='ltr'>q</span> 
     </span>
     <span class='ocr_line' id='line_1_45' title="bbox 195 4069 1325 4138; baseline 0.005 -20"><span class='ocrx_word' id='word_1_374' title='bbox 195 4082 302 4118; x_wconf 81' lang='lat' dir='ltr'>caueam</span> <span class='ocrx_word' id='word_1_375' title='bbox 345 4076 446 4120; x_wconf 72' lang='lat' dir='ltr'>ansteus</span> <span class='ocrx_word' id='word_1_376' title='bbox 458 4084 514 4120; x_wconf 86' lang='lat' dir='ltr'>eam</span> <span class='ocrx_word' id='word_1_377' title='bbox 527 4069 598 4136; x_wconf 78' lang='lat' dir='ltr'>apud</span> <span class='ocrx_word' id='word_1_378' title='bbox 610 4071 735 4138; x_wconf 82' lang='lat' dir='ltr'>papalum</span> <span class='ocrx_word' id='word_1_379' title='bbox 748 4069 904 4134; x_wconf 59' lang='lat' dir='ltr'>accusabam</span> <span class='ocrx_word' id='word_1_380' title='bbox 916 4069 1103 4122; x_wconf 79' lang='lat' dir='ltr'>cramrnabatnr</span> <span class='ocrx_word' id='word_1_381' title='bbox 1115 4087 1168 4124; x_wconf 82' lang='lat' dir='ltr'>eam</span> <span class='ocrx_word' id='word_1_382' title='bbox 1180 4087 1230 4124; x_wconf 84' lang='lat' dir='ltr'>cam</span> <span class='ocrx_word' id='word_1_383' title='bbox 1324 4127 1325 4132; x_wconf 57' lang='grc'>,</span> 
     </span>
    </p>
   </div>
   <div class='ocr_carea' id='block_1_15' title="bbox 0 0 1345 4558">
    <p class='ocr_par' dir='ltr' id='par_1_16' title="bbox 0 0 1345 4558">
     <span class='ocr_line' id='line_1_46' title="bbox 0 0 1345 4558; baseline 0 0"><span class='ocrx_word' id='word_1_384' title='bbox 0 0 1345 4558; x_wconf 95' lang='lat' dir='ltr'> </span> 
     </span>
    </p>
   </div>
  </div>
 </body>
</html>
