2714 4554
533 279 786 337 FRAGMENTA.
1168 270 1219 337 89·

163 406 221 473 43.
244 411 365 483 Μάρκον
393 409 425 464 δι’
445 409 560 465 Γαλλίου
582 407 734 468 δοκοῦντος
754 407 805 464 ον’νι
827 410 858 473 ἐξ
881 409 1039 484 ἐλευθέρων
1059 418 1210 487 γεγονέναι,

104 493 217 563 λαμπρᾷ
229 488 261 544 δὲ
273 494 307 563 τῇ
319 492 400 562 φωνῇ
413 494 460 542 καὶ
471 486 574 560 μεγάλῃ
582 489 729 580 γράμματα
742 486 813 558 πρὸς
823 487 876 556 τὴν
886 489 1038 561 σύγκλητον
1048 491 1210 565 ὀξαναγνόν·

103 587 160 634 ror,
171 559 220 649 μὴ
238 559 433 642 θαυμάζεις
452 566 521 629 rtur,
529 562 585 624 καὶ
603 555 703 637 αυτὸς
721 555 769 638 εἷς
787 557 858 626 ἐστι
870 565 937 625 τῶν
951 555 1211 650 ἀναπεφωνηκό-

103 671 176 714 των.
214 651 394 708 Plutarch.
409 650 467 707 Cic.
480 665 504 706 c.
515 651 559 706 at.

163 733 221 800 44.
246 742 311 792 ἐπεὶ
324 735 356 790 dr
370 740 499 792 Φαῦστος
511 733 526 791 ὁ
539 734 634 790 Σύλλα
645 740 696 789 τοῦ
708 736 933 807 μοναρχήσαντος
944 741 976 792 ἐν
987 735 1073 813 Ῥώμῃ
1084 746 1130 793 καὶ
1143 740 1210 794 πο).-

103 817 164 874 λούς
186 821 237 871 ἐπὶ
259 814 383 898 &ardep
400 815 618 902 προγράψαντος
639 818 669 868 ἐν
690 813 808 870 δανείοις
820 816 971 900 γενόμανος
986 822 1033 870 καὶ
1055 816 1143 872 πολλὰ
1162 823 1211 885 τῆς

103 884 198 943 ονόίας
210 883 415 970 deprompsimus
426 889 567 966 qaqprs'av
583 890 758 1004 arpos'ypcpc,
774 903 878 966 ταυξην
890 888 941 956 ἔφη
952 883 1058 952 μᾶλλον
1070 885 1147 956 αὐτῷ
1159 886 1211 951 τὴν

104 974 275 1028 προγραφην
288 965 418 1022 αρεσκςιν
430 971 447 1017 η
457 971 509 1016 την
522 969 666 1020 πατρῳαν.
722 951 796 1006 dem
806 949 875 1006 1b1d.

321 1208 349 1275 1.
393 1183 690 1276 danencurt
711 1193 996 1278 rosnarum

456 1361 479 1416 1.
515 1359 663 1418 VERSUS
679 1359 870 1418 HOMERIOI

286 1449 316 1502 A
338 1445 527 1503 CICERONE
553 1446 596 1504 IN
621 1445 805 1504 LATINUM
830 1445 1032 1504 CONVERSI.

541 1577 570 1617 a·
610 1576 651 1618 EX
668 1575 783 1618 menn.

168 1659 201 1724 1.
224 1662 304 1718 Illud
319 1662 447 1730 mirarer,
468 1661 491 1715 si
509 1663 663 1730 crederem,
684 1661 758 1732 quod
775 1664 850 1734 apud
866 1662 1018 1718 Homerum
1031 1661 1212 1720 Calchantem

102 1741 201 1798 dixisti
217 1757 254 1795 ex
270 1755 414 1811 passerum
429 1755 544 1793 numero
560 1739 628 1794 belli
644 1737 759 1794 'l'roiani
775 1757 861 1795 annos
878 1745 1058 1813 auguratum
1080 1741 1115 1796 de
1133 1743 1212 1797 cuius

103 1811 271 1868 coniectura
283 1807 324 1862 sic
336 1807 411 1878 apud
423 1806 587 1877 Homerum,
599 1812 631 1862 ut
641 1806 692 1862 hos
704 1807 786 1863 otiosi
798 1810 988 1881 convertimus,
1001 1808 1123 1880 loquitur
1134 1809 1211 1883 Age-

102 1895 252 1935 memnon:
437 1893 440 1898 ·

193 1949 306 2024 Ferte,
324 1947 393 2023 viri,
412 1958 445 2012 et
462 1947 558 2011 duros
577 1947 683 2012 animo
701 1949 834 2014 tolerate
851 1950 988 2026 labores,

194 2033 332 2120 auguris
349 2043 386 2097 ut
402 2033 501 2097 nostri
520 2030 704 2098 Calchantis
722 2033 789 2098 fata
807 2055 962 2117 queamus

195 2121 280 2186 scire
299 2129 425 2184 ratosne
443 2119 582 2183 habeant
600 2141 641 2183 an
659 2140 758 2184 vanos
775 2121 912 2205 pectoris
931 2141 1031 2186 orsus.

194 2225 339 2288 namque
357 2225 466 2269 omnes
484 2204 617 2268 memori
634 2216 816 2290 portentum
833 2217 939 2271 mente
958 2217 1127 2284 retentant,

197 2291 255 2376 qui
273 2311 338 2354 non
355 2289 489 2355 fun'estis
507 2290 669 2373 liquerunt
685 2292 807 2355 lumina
823 2291 908 2356 fat-is.

196 2376 362 2462 Argolicis
379 2376 517 2461 primum
536 2386 573 2439 ut
591 2377 705 2442 vestita
722 2388 771 2441 est
788 2375 943 2441 classibus
962 2375 1067 2451 Aulis,

197 2484 284 2548 quae
301 2459 431 2526 Priamo
449 2462 573 2526 cladem
591 2472 624 2525 et
641 2461 757 2526 Troiae
775 2473 963 2546 pestemque
981 2460 1137 2536 ferebant,

198 2569 260 2632 nos
279 2547 398 2611 circum
415 2547 525 2612 latices
543 2547 666 2632 gelidos
684 2546 882 2610 fumantibus
902 2545 974 2619 aris,

198 2632 355 2719 aurigeris
374 2631 482 2697 divom
500 2633 663 2718 placantes
680 2631 813 2696 numina
830 2631 944 2706 tauris,
1191 2698 1193 2704 ,

199 2718 264 2784 sub
281 2719 411 2803 platano
432 2717 618 2795 umbrifera,
637 2717 710 2781 fons
728 2717 814 2782 unde
832 2727 959 2781 emanat
978 2716 1083 2801 aquai,

197 2803 477 2869 vidimus‘inmani
495 2803 601 2890 specie
619 2814 768 2885 tortuque
787 2804 958 2868 draconem

198 2889 384 2972 terribilem,
402 2889 490 2955 Iovis
507 2902 545 2954 ut
561 2890 656 2975 pulsu
674 2900 856 2974 penetraret
873 2889 914 2954 ab
933 2910 1003 2953 ars:

199 2976 258 3060 qui
275 2972 397 3076 platani
414 2977 446 3039 in
465 2997 554 3040 ramo
572 2974 721 3040 foliorum
739 2975 878 3061 tegmine
898 2986 1024 3061 saeptos

200 3061 356 3147 corripuit
372 3061 476 3148 pullos
482 3086 491 3138 3
510 3081 590 3145 quos
609 3083 682 3126 cum
702 3070 902 3126 consumeret
920 3072 1004 3136 octo,

199 3169 287 3212 nona
303 3168 401 3232 super
418 3149 553 3212 tremulo
571 3147 717 3232 genetrix
735 3148 885 3233 clangore
903 3145 1043 3220 volabat,

200 3234 253 3299 cui
271 3233 360 3299 ferus
377 3232 497 3298 inmani
515 3233 646 3297 laniavit
663 3233 786 3299 viscera
804 3254 922 3296 morsu.

199 3320 298 3396 hunc,
316 3317 457 3383 ubitam
475 3329 599 3384 teneros
617 3317 754 3384 volucris
771 3329 970 3402 matremque
988 3314 1133 3402 peremit,

199 3405 256 3489 qui
274 3404 340 3468 luci
358 3404 501 3470 ediderat
517 3404 642 3490 genitor
660 3402 830 3470 Saturnius
846 3403 933 3468 idem

201 3490 327 3556 abdidit
344 3502 374 3554 et
394 3489 473 3554 duro
491 3489 641 3554 formavit
658 3490 798 3590 tegmine
817 3489 895 3554 saxi.

199 3597 261 3641 nos
279 3587 388 3640 autem
406 3575 507 3640 timidi
526 3585 645 3641 stantes
663 3575 808 3641 mirabile
825 3585 1003 3640 monstrum

200 3661 341 3727 vidimus
358 3661 392 3725 in
408 3662 522 3727 mediis
540 3661 648 3726 divom
665 3661 821 3736 versarier
833 3661 911 3726 aris.

200 3761 272 3813 tum
290 3745 429 3812 Calchas
445 3746 526 3812 haec
544 3757 593 3813 est
609 3747 719 3813 fidenti
737 3769 815 3813 voce
833 3749 973 3813 locutum

201 3831 357 3917 quidnam
375 3843 536 3918 torpentes
555 3832 660 3898 subito
677 3833 876 3919 obstipuistis
895 3831 1031 3898 Achivi?

200 3918 298 3983 nobis
315 3917 395 3984 haec
411 3929 559 4004 portenta
577 3918 673 3983 deum
691 3918 779 4000 dedit
796 3919 865 4068 ipse
884 3927 1007 3984 creator

202 4003 296 4070 tarda
313 4014 345 4069 et
363 4025 434 4070 sera
451 4005 557 4081 nimis,
575 4004 632 4069 sed
649 4004 737 4069 famo
755 4026 792 4069 ac
822 4005 905 4072 aude
923 3999 1065 4086 perenni.

202 4111 280 4154 nam
297 4100 376 4174 quot
394 4090 462 4155 avis
481 4101 582 4156 taetro
600 4100 756 4156 mactatas
774 4089 869 4156 dente
888 4086 1014 4162 videtis,
