2714 4554
484 293 735 355 FRAGMENTA.

90 422 128 485 ille
143 421 257 505 quidem
275 421 400 484 stillans
419 443 434 484 e
451 423 534 486 scam
551 424 662 507 insipat
679 445 779 508 apros,

92 506 204 590 Thespia
222 517 317 580 mora,
339 517 422 572 tuos:
438 509 491 570 scd
507 507 619 592 Equus
631 530 693 592 pro
710 529 831 573 munere
850 519 934 575 tanto

89 601 195 656 manat
210 594 322 677 moqna’
333 593 508 676 penetralia
527 593 628 656 lucida
645 594 729 657 coeli.

120 674 195 739 Exin
213 675 372 740 contortis
390 676 503 742 Aries
521 698 595 742 cum
613 677 762 742 cornibus
779 677 898 744 haeret.
1132 696 1171 738 2³0

86 762 126 824 itt
140 763 266 847 quidem,
287 773 445 826 memnona
463 763 568 848 leopos
585 765 718 848 epitatus
735 766 768 827 in
786 765 880 839 orbes,
950 809 957 816 -

85 850 188 930 sequior
204 847 293 912 houd
310 851 407 912 cstma't
424 849 511 932 aquo
532 846 736 932 Cynosuridos
754 851 857 925 Aroti3

86 933 230 1016 equidm
249 933 457 1017 obscurusque
475 943 584 1008 tamen,
603 955 654 998 ceu
673 935 746 998 luna
762 937 905 999 retundat

86 1016 209 1094 dammae
226 1019 337 1092 aciem,
356 1019 569 1083 Andromedae
586 1040 616 1082 sc
628 1030 757 1104 propter
775 1021 896 1104 simpulo
913 1022 1014 1094 volvit,

85 1101 221 1182 equibus
238 1101 331 1166 hune
350 1102 459 1168 subter
476 1102 577 1188 possis
596 1124 788 1188 cognoscere
805 1105 932 1169 fultum.

86 1209 148 1250 nam
164 1187 242 1252 caeli
260 1187 406 1252 mediam
423 1199 547 1272 partem
565 1188 647 1264 terit,
665 1199 701 1253 ut
717 1190 806 1273 prius
823 1189 897 1256 illae

86 1269 206 1348 Chelae;
224 1283 298 1336 tum
317 1284 431 1358 pectus
449 1294 578 1356 quoque
596 1273 735 1340 cernitur
753 1271 892 1339 Orionis.

118 1355 157 1420 m
173 1379 274 1444 prope
294 1358 473 1443 conspicies
513 1381 625 1424 arvum
643 1359 703 1424 sub
721 1370 849 1444 pectore
867 1361 952 1426 claro

85 1441 301 1508 Andromedae
322 1443 460 1528 signum,
478 1381 665 1510 helinton
683 1444 789 1510 dicere
807 1442 900 1510 Graii

84 1527 157 1609 quod
175 1528 269 1606 soliti,
289 1529 388 1593 simili
406 1530 481 1613 quia
499 1529 603 1594 forma
619 1529 725 1595 littera
743 1531 854 1594 claret:

84 1612 147 1677 huic
164 1614 267 1700 spatio
287 1615 422 1680 ductum
440 1615 535 1679 simili
552 1616 636 1680 latus
654 1627 758 1680 exstat
775 1627 955 1700 utrumque.

84 1708 112 1760 at
125 1720 185 1763 uon
202 1699 299 1765 tertia
319 1723 393 1786 pars
411 1700 518 1766 lateris
535 1737 578 1748 -
595 1722 733 1784 namque
752 1712 800 1766 est
816 1703 920 1768 minor
936 1701 998 1768 illis
1016 1737 1068 1780 -,

87 1783 133 1848 sed
149 1784 243 1850 stellis
262 1787 364 1870 longe
382 1785 488 1850 densis
504 1786 668 1886 praeclara
686 1787 815 1852 relucet.
911 1789 913 1794 ’

121 1869 251 1934 Inferior
268 1871 370 1956 paulo
387 1882 436 1936 est
453 1871 547 1938 Ames
567 1882 599 1937 et
614 1873 731 1938 flamen
748 1873 789 1937 ad
807 1873 920 1940 Austri

87 1952 250 2020 inclinatior
268 1968 370 2039 atque
389 1957 483 2020 etiam
501 1957 720 2023 vehementius
737 1957 783 2022 illi

89 2036 220 2119 Pisces,
239 2063 382 2126 quorum
401 2043 480 2106 alter
496 2043 592 2126 paulo
609 2043 787 2128 prolabitur
803 2054 876 2110 ante

90 2133 116 2186 ct
129 2147 156 2188 m
198 2127 223 2191 's
241 2127 419 2191 horrisonis
437 2127 607 2211 Aquilonis
626 2128 767 2214 tangitur
784 2128 850 2192 alis.

90 2221 170 2292 atque
209 2235 306 2278 orum
324 2235 342 2276 e
360 2212 470 2276 caudis
488 2213 631 2298 duplices
649 2215 736 2280 velut
755 2236 827 2280 aere
845 2223 976 2280 catenae

92 2292 282 2382 dissensuque
303 2297 359 2362 diu
377 2319 489 2363 versae
507 2321 563 2383 per
579 2299 701 2363 lumina
718 2310 859 2384 serpunt,

93 2391 174 2462 atquc
190 2405 255 2448 uua
273 2383 407 2448 tandem
424 2383 458 2448 in
476 2384 568 2448 stella
585 2384 795 2449 communiter
812 2383 953 2458 haerent,

93 2484 173 2546 quem
190 2480 317 2535 veteres
336 2468 418 2536 soliti
436 2469 604 2535 caelestem
623 2469 727 2532 dicere
744 2468 902 2532 Nodum.

94 2551 308 2620 Andromedae
325 2554 416 2619 laevo
435 2577 475 2620 ex
493 2573 614 2630 umer0,
632 2554 660 2618 si
677 2574 829 2636 quaesere
847 2572 983 2640 perges,

95 2635 258 2785 adplositum
276 2640 397 2726 poteris
416 2662 532 2725 supera
550 2659 741 2722 cognoscere
758 2635 896 2704 Piscem.

170 2724 309 2808 pedibus
326 2736 437 2790 uatum
455 2747 580 2790 summo
598 2725 676 2788 Iove
694 2721 836 2788 Persea
854 2721 948 2798 vises,

95 2825 162 2886 quos
178 2810 298 2875 umeris
316 2810 431 2876 retinet
448 2810 554 2874 defixo
572 2829 704 2894 corpore
722 2806 870 2884 Perseus,

95 2909 176 2970 quem
193 2917 322 2959 summa
339 2895 379 2959 ab
397 2896 526 2980 regione
544 2893 715 2977 Aquilonis
732 2893 861 2960 flamina
878 2893 1015 2980 pulsant.

96 2973 138 3039 hic
153 2977 298 3046 dextram
316 2981 357 3044 ad
375 2981 467 3046 sedes
484 2981 620 3046 intendit
638 2977 823 3066 Cassiepiae

95 3058 289 3149 diversosque
306 3065 404 3151 pedes
423 3066 545 3130 vinctos
563 3065 715 3130 talaribus
735 3065 815 3150 aptis

95 3145 322 3226 pulverulentus
340 3151 388 3214 uti
406 3150 445 3216 de
464 3162 547 3216 terra
564 3150 683 3236 elapsu’
703 3161 832 3236 repente

96 3229 259 3300 incastum
276 3236 376 3301 victor
393 3259 511 3320 magno
530 3236 590 3301 sub
608 3237 746 3301 culmine
763 3247 878 3321 portat.

131 3315 172 3381 At
188 3331 321 3406 propter
337 3322 466 3389 laevum
483 3344 584 3406 genus
603 3321 689 3388 omni
707 3345 746 3386 ex
764 3332 854 3406 parte
872 3321 994 3388 locatas

97 3419 197 3546 parvas
213 3405 414 3492 Vergilias
432 3407 521 3472 tenui
538 3429 611 3472 oum
629 3407 701 3474 luce
719 3406 852 3472 videbis.

116 3507 165 3552 sec
181 3503 304 3576 septem
321 3493 416 3577 volgo
433 3491 641 3576 perhibentur
658 3513 746 3557 more
764 3503 888 3556 vetusto

99 3571 203 3652 stellae,
222 3586 396 3648 cernuntur
413 3598 489 3642 vero
507 3599 564 3642 sex
581 3576 723 3659 undique
740 3599 866 3662 parvae.

100 3665 127 3717 at
140 3679 200 3724 non
215 3661 371 3727 interiisse
388 3663 494 3747 putari
512 3662 660 3728 convenit
676 3685 783 3738 unam,

102 3741 148 3804 tell
162 3743 277 3812 frustra
294 3758 413 3812 temere
431 3770 451 3812 a
468 3748 564 3834 volgo
581 3747 702 3814 ratione
721 3747 788 3813 sine
806 3747 871 3813 ulla

102 3837 208 3910 septem
225 3832 333 3910 dicier,
352 3843 390 3898 ut
405 3844 529 3899 veteres
547 3843 685 3900 statuere
702 3838 826 3918 poetae,

104 3922 215 3980 aeterno
233 3929 364 3983 cunctas
382 3941 458 3984 sane
501 3918 532 3983 ui
549 3918 677 3984 nomine
695 3919 831 4004 signant,

28 4049 30 4094 ἓ
106 3993 232 4082 Alcyone
248 4002 459 4089 Meropeque,
476 3939 619 4070 helaeno
638 4004 855 4090 Taygeteque,

28 4097 29 4100 ’
108 4072 217 4152 Electra
233 4087 443 4174 Steropesque,
461 4090 556 4155 simul
574 4089 772 4156 sanctissima
789 4087 889 4152 Maia.
