2674 4558
155 265 199 332 64
497 276 536 329 Μ.
555 275 691 332 TULLII
708 273 907 331 CICERONIS

153 424 224 469 esse
241 412 336 485 atque
355 423 446 466 escae
464 399 639 463 malorum?
656 403 703 471 (ef.
717 401 774 458 cio.
788 403 823 458 de
839 407 941 459 seneet.
955 403 979 474 ᾗ.
991 403 1046 472 44.)
1064 419 1147 482 quse
1166 399 1256 462 enirn

154 487 311 554 confectio
333 497 381 552 est
408 491 498 562 inquit
523 483 729 561 valetudinis,
756 505 839 567 quae
866 483 1054 548 deformatio
1081 484 1195 548 eoloris
1220 497 1254 549 et

152 573 304 658 corporis,
323 571 409 656 quod
423 584 515 656 turpe
530 571 693 646 damnum,
713 570 799 652 quod
817 569 970 644 dedecus,
989 569 1076 652 quod
1093 590 1157 633 non
1176 591 1256 634 evo-

153 672 244 724 cetur
266 669 362 740 etque
381 657 525 722 elicietur
546 655 731 740 voluptate?
757 655 846 719 cuius
865 665 970 719 motus
989 666 1026 719 ut
1044 655 1179 739 quisque
1203 671 1255 720 est
1328 701 1329 716 .

153 745 321 820 maximus,
339 743 385 807 ite
398 754 446 808 est
464 741 701 806 ininneissimns
722 740 955 825 philosophiae:
975 761 1150 826 congruere
1165 740 1255 806 enim
1328 775 1329 822 t

152 853 227 894 oum
250 829 440 913 cogitatione
462 849 582 912 magna
602 826 750 911 voluptas
778 826 920 911 corporis
941 846 1005 889 uon
1032 836 1151 911 potest3
1178 827 1254 910 quis
1328 823 1329 858 ³

152 916 249 990 enim,
268 936 341 979 eum
359 924 468 978 ututur
490 915 654 999 voluptate
672 935 725 988 ea,
743 932 808 994 que
825 911 914 976 nulla
931 912 1032 996 possit
1050 911 1152 975 maior
1168 934 1253 988 esse,

152 999 317 1064 attendere
339 1000 460 1074 animo,
486 999 567 1064 inire
588 997 742 1074 rationes,
769 997 909 1082 cogitare
927 997 1056 1061 omnino
1078 997 1255 1081 quiequam

153 1085 275 1170 potest?
297 1083 369 1168 quis
388 1096 495 1150 eutem
514 1094 622 1149 tantus
639 1094 688 1148 est
705 1105 835 1168 gurges,
854 1081 910 1166 qui
928 1082 995 1147 dies
1013 1093 1046 1147 et
1063 1083 1165 1148 noctis
1182 1083 1253 1147 sine

152 1173 219 1236 ulla
236 1169 360 1235 minimi
381 1169 532 1255 temporis
549 1169 782 1234 intermissione
800 1167 877 1232 velit
893 1167 939 1232 ita
952 1167 1072 1233 moveri
1090 1189 1164 1234 suos
1179 1191 1254 1234 sen·

153 1280 218 1334 sus,
237 1266 273 1320 ut
295 1265 464 1321 moventur
486 1255 521 1319 in
544 1255 675 1319 summis
694 1253 930 1340 voluptatibus?
952 1253 1023 1337 quis
1042 1265 1147 1319 eutem
1166 1253 1254 1318 bona

153 1352 260 1406 mente
287 1341 450 1428 praeditus
471 1362 537 1405 non
558 1340 668 1406 mallet
689 1340 793 1405 nullas
821 1339 950 1404 omnino
976 1338 1068 1404 nobis
1091 1363 1110 1404 a
1136 1349 1254 1405 nature

153 1430 333 1524 voluptutes
352 1427 462 1492 dulas?
479 1431 694 1502 Augustinus
711 1436 807 1486 contre
822 1430 962 1484 Iulianum
976 1429 1123 1504 Pelagian.
1140 1431 1191 1500 IV,
1208 1431 1252 1499 14,
1329 1423 1330 1496 l

154 1512 196 1564 72.
233 1509 476 1580 simquibusdarn
486 1509 559 1564 veris
570 1509 715 1564 sententiis
727 1509 826 1563 saltem
836 1507 1063 1579 philosophorum
1079 1508 1179 1562 litteris
1192 1523 1252 1562 ere·
1329 1505 1330 1508 ’

154 1581 248 1647 deres,
269 1595 324 1632 non
335 1579 418 1633 surdo
431 1578 514 1633 eorde
525 1577 596 1631 illud
608 1577 732 1657 audires,
755 1577 831 1657 quod
840 1576 997 1646 voluptates
1009 1575 1155 1631 illecebras
1166 1581 1253 1646 etque

153 1665 231 1702 escas
243 1647 378 1700 melorum
390 1651 419 1702 et
429 1646 556 1700 vitiosum
568 1651 676 1717 purtem
684 1661 770 1700 annm
780 1646 908 1700 dixerunt
920 1661 980 1700 esse
991 1644 1145 1700 libidinem.
1158 1645 1252 1700 ldem

151 1715 221 1769 ibid.
234 1714 270 1784 V,
283 1714 308 1784 8,
321 1714 363 1768 33.
377 1714 413 1768 ef.
426 1713 462 1783 V,
476 1715 518 1783 10,
530 1713 572 1768 42.
598 1712 741 1782 conficere,
755 1729 923 1782 consumere,
936 1711 1024 1768 finire.
1049 1713 1087 1768 M.
1101 1713 1209 1768 Tullius
1222 1713 1252 1768 in

152 1789 315 1847 Hortensio:
328 1806 411 1870 quae
429 1797 477 1850 est
494 1785 580 1850 enim
597 1784 753 1850 confectio
772 1784 973 1863 valetudinis,
992 1807 1075 1870 quae
1094 1783 1252 1851 deformi·

152 1872 197 1936 tio
226 1871 388 1955 corporis?
432 1877 726 1948 Noniusp.269‚21.

217 1955 268 2021 75.
292 1959 364 2015 sicut
380 1963 421 2016 nit
435 1962 612 2032 Hortensius,
633 1968 710 2022 tunc
740 1957 936 2042 obsequatur
957 1956 1083 2042 (homo)
1106 1967 1250 2034 naturae,

151 2065 226 2106 oum
240 2042 311 2134 sine
322 2041 474 2126 magistro
483 2044 628 2120 senserit,
638 2043 716 2128 quid
730 2055 844 2109 natura
854 2043 1021 2108 desideret
1035 2047 1251 2122 Augustinus
1330 2073 1331 2110 t

151 2130 247 2179 contre
258 2123 398 2179 Iuhnnum
408 2125 507 2196 Pelag.
520 2126 557 2192 V,
569 2126 594 2194 7,
607 2126 651 2180 29.

217 2195 268 2259 16.
291 2201 431 2273 genitivus
442 2219 494 2274 pro
507 2203 637 2258 ablativo.
661 2203 700 2258 M.
714 2201 824 2258 Tullius
835 2203 866 2258 in
877 2201 1040 2257 Hortensio:
1064 2207 1096 2262 et
1119 2196 1174 2280 qui
1195 2218 1252 2260 ex·

145 2288 275 2367 'spectat
296 2283 415 2366 pendet
437 2283 549 2361 animi,
574 2282 650 2367 quia
667 2307 803 2370 semper,
821 2283 900 2367 quid
917 2283 1061 2349 futurum
1079 2281 1130 2358 sit,
1148 2281 1250 2346 ineer-

152 2381 220 2432 tum
239 2377 296 2432 est.
329 2373 459 2433 Nonius
471 2392 499 2447 p.
511 2375 572 2444 498,
582 2375 625 2430 30.

217 2452 267 2517 Vl.
288 2471 360 2512 noxe
372 2459 401 2510 et
411 2453 493 2508 noxie
509 2453 581 2508 hunc
597 2453 703 2508 hebent
714 2452 918 2521 diversitatem,
931 2451 1005 2524 quod
1017 2455 1060 2506 est
1070 2465 1142 2505 noxe
1152 2466 1250 2522 pecce-
1331 2447 1332 2452 ’

150 2538 533 2614 tumlcve,noxisnoeentiu.
569 2538 608 2593 M.
621 2537 772 2593 Tulliusin
786 2537 949 2592 Hortensio:
974 2542 1007 2596 et
1033 2542 1154 2597 ceteras
1180 2530 1250 2612 qui-

151 2625 226 2688 dem
247 2647 314 2699 res,
337 2623 370 2685 in
393 2620 510 2704 quibus
532 2629 664 2704 peccate.
685 2640 750 2683 non
774 2639 941 2682 maxumas
959 2615 1110 2680 adferunt
1127 2615 1249 2690 noxias,

151 2721 260 2773 tamen
276 2707 370 2772 inscii
386 2727 451 2768 non
469 2705 641 2790 attingunt.
685 2709 777 2764 idem
788 2725 816 2778 p.
828 2707 941 2775 438‚23.

254 2791 382 2843 maximas
399 2786 453 2853 ads.
467 2788 572 2852 noxias,
590 2796 677 2839 iernen
688 2787 765 2839 inscii
779 2801 833 2838 nors
845 2786 908 2837 attin
945 2792 974 2836 ut
985 2781 1126 2836 Mercerus
1136 2782 1251 2847 (collato

287 2851 414 2910 Plutonis
430 2852 578 2906 Alcibiade
594 2854 709 2922 priore):
726 2870 845 2906 maxume
861 2853 897 2904 ad
911 2891 917 2903 .
929 2851 1023 2903 noxias
1039 2859 1126 2903 tumen
1142 2851 1251 2905 inscitu-
1331 2909 1332 2912 Ἴ

287 2923 462 2990 natuttiuyunt
473 2919 553 2973 codd.

216 3011 268 3079 78.
289 3016 398 3073 eculeos
411 3013 604 3069 diminutivum
615 3013 651 3069 ab
665 3013 743 3084 equis
755 3012 793 3066 M.
807 3011 916 3068 Tullius
932 3009 963 3067 in
974 3010 1123 3067 Hortensio
1136 3010 1193 3066 dici
1203 3029 1250 3066 vo-

149 3105 214 3158 luit:
236 3110 272 3163 ut
292 3097 391 3182 igitur
414 3094 585 3159 domitores
608 3110 764 3177 equorum
789 3087 855 3158 non
877 3093 1012 3160 verbera
1034 3093 1138 3158 solum
1160 3091 1250 3158 adhi-

69 3181 76 3194 ’
150 3183 227 3247 bent
245 3184 286 3247 ad
304 3181 514 3256 domandum,
541 3180 598 3244 sed
620 3179 727 3242 eibum
746 3178 842 3244 etium
872 3201 967 3264 saepe
985 3178 1190 3256 subtrahunt,
1216 3191 1249 3242 ut

148 3269 234 3331 fame
252 3267 435 3333 debilitetur
452 3264 635 3329 eculeorum
651 3263 746 3328 nimis
764 3263 918 3331 effrenate
936 3265 994 3329 vis.
1021 3271 1114 3325 Idem
1125 3271 1246 3342 p.105‚7.

215 3351 265 3416 79.
289 3359 403 3424 lentum,
415 3353 533 3425 petiens,
545 3353 694 3426 placidum.
713 3355 750 3409 M.
765 3355 874 3412 Tullius
886 3355 916 3410 in
927 3355 1089 3412 Hortensio:
1104 3351 1160 3435 qui
1173 3371 1246 3416 cum
1331 3359 1332 3430 ,

148 3436 294 3572 puppgces
334 3435 465 3499 iniurias
501 3435 586 3500 lente
612 3435 754 3514 tulisset,
790 3459 881 3502 susm
916 3458 982 3502 non
1016 3435 1098 3501 tulit.
1155 3440 1248 3496 Idem
1331 3517 1332 3522 ἵ

148 3535 177 3588 ΡΙ
213 3519 444 3664 8ὀῗόοηῒίηεῃε,
461 3595 650 3666 coniunctum,
668 3596 833 3650 continuum.
870 3595 909 3650 M.
923 3595 1247 3652 TulliusinHortensior

148 3697 189 3740 ne
219 3673 511 3740 incontinentibus
539 3676 668 3759 quidem
696 3677 787 3742 terris
810 3687 952 3742 vestrum
978 3698 1095 3741 nomen
1123 3674 1248 3739 dilatari

148 3771 263 3846 potest.
307 3765 547 3836 Idemp.274,s.

214 3847 266 3912 81.
289 3849 433 3922 conficere,
445 3851 547 3908 facere.
583 3852 622 3907 M.
636 3852 744 3908 Tullius
756 3852 785 3908 in
797 3851 958 3909 Hortensio:
981 3869 1020 3912 ea
1037 3829 1173 3911 facullits
1191 3865 1248 3907 uo·

146 3930 414 4069 ⁸tr{}9¹¹¹1³i⁰¹ib¹¹⁵
433 3943 511 4008 erat,
530 3932 585 4016 qui
603 3932 756 3999 confectis
770 3942 899 4000 senatus
917 3930 1068 3998 consultis
1087 3965 1140 3993 -.
1154 3934 1248 3989 Idem

150 4030 176 4082 p·
213 4054 264 4149 82'.
278 4015 364 4163 (llere,
377 4093 682 4166 austerum,acerbum,
695 4109 833 4165 asperum.
869 4091 907 4146 M.
921 4041 1248 4144 Tulliusinliortensiot
1327 4141 1332 4183 t
