2674 4558
496 255 748 314 FRAGMENTA.
1131 248 1172 314 21

90 375 258 456 trucidavit,
282 389 341 442 aut
363 379 524 456 clientem,
548 379 659 463 quiin
681 403 740 444 sue
758 380 885 447 civitate
908 403 982 447 cum
1004 384 1174 470 peregrino

90 465 201 552 negavit
219 486 255 529 se
272 462 392 529 iudicio
414 486 517 549 aequo
536 475 658 530 certare
675 466 789 550 posse?

178 566 335 631 Catilinam,
353 583 411 618 cum
428 565 456 617 in
474 566 593 619 Sullanis
606 567 728 633 partibus
743 566 846 634 fuisset,
869 570 1007 623 crudeliter
1023 569 1117 637 fecisse
1131 571 1174 609 θ’

128 634 273 688 nominative
293 635 372 688 etiam
385 641 480 704 postea
493 633 582 688 Cicero
593 635 669 701 dicit,
686 652 751 714 quos
768 637 902 703 osacen,
922 639 952 700 Q.
968 639 1121 706 Caecilium,
1133 640 1174 694 M.

133 703 307 768 Volumnium,
321 703 353 756 L.
368 703 519 756 Tanusium.
555 703 648 756 Marci
657 712 734 756 etrum
746 703 832 759 Marii
844 705 1002 773 Gratidiani,
1015 723 1113 760 summe
1128 724 1175 776 po-

125 771 224 844 pularis
239 771 364 837 lominus,
381 771 429 842 qui
442 771 475 824 ob
489 771 518 824 id
534 771 571 824 bis
585 780 694 840 praetor
708 771 771 840 suit,
790 783 868 842 caput
880 773 1009 828 abscisum
1023 791 1074 856 per
1085 777 1175 828 urbem

128 858 173 893 sna
184 857 264 893 manu
278 839 398 894 Catilina
415 841 524 892 tulerat.-
540 841 610 910 quod
626 843 722 893 mimen
733 843 838 910 saepius
854 843 879 896 ei
894 851 947 896 tota
960 853 1079 898 oratione
1091 845 1174 897 obicit.

128 908 210 976 fuerat
232 926 295 961 vero
320 907 362 960 lu'c
385 909 558 962 Gratidianus
581 917 642 962 arta
662 910 847 962 necessitudine
873 911 993 966 Ciceroni
1014 915 1174 967 coniunctus.

128 978 238 1031 clientem
259 985 348 1030 autem
369 977 472 1045 nepavit
491 977 584 1030 labore
599 994 679 1045 posse
696 978 724 1031 C.
741 979 899 1046 Antonium·
920 997 982 1034 nam
999 982 1022 1034 is
1037 983 1131 1034 multos
1147 983 1175 1034 in

128 1046 222 1100 Achaia
234 1047 406 1114 spoliaverat,
424 1054 517 1098 nactus
533 1047 565 1098 de
576 1047 688 1098 evercitu
700 1048 812 1100 Sullano
825 1049 936 1130 equitum
953 1059 1069 1115 turmas;
1085 1051 1175 1104 deinde

129 1115 233 1179 Graeci,
250 1130 319 1184 quos
335 1115 505 1183 spoliaverat,
522 1115 664 1167 eduxerunt
676 1115 819 1168 Antonium
834 1133 862 1169 vn
878 1117 919 1170 ius
935 1119 971 1170 ad
981 1119 1022 1172 M.
1034 1119 1174 1172 Lucullum

127 1190 278 1252 praetorem,
292 1183 341 1252 qui
350 1183 391 1234 ius
403 1183 469 1234 inter
480 1183 630 1250 perepriuos
642 1183 740 1236 dicebat
744 1201 797 1236 -e
819 1185 834 1252 ‘t
842 1202 894 1253 pro
908 1186 1019 1241 Graecis
1032 1189 1174 1240 etiamtum

128 1252 342 1317 adolescentulus,
355 1251 448 1320 dequo
459 1252 539 1318 poulo
553 1260 614 1304 ante
624 1253 776 1305 mentionem
789 1201 965 1318 sibimet—et
978 1271 1035 1308 curn
1047 1257 1175 1308 Lucullus

128 1321 159 1386 id,
174 1321 244 1388 quod
257 1319 363 1374 Graeci
373 1320 555 1387 postulabant,
573 1319 736 1386 decrevisset,
754 1323 896 1389 appellavit
908 1323 1024 1376 tribunos
1036 1325 1174 1389 Antonius,

128 1388 275 1511 iuravit‘pue,
289 1405 319 1440 se
331 1388 389 1440 ideo
401 1388 513 1453 murare,
525 1389 595 1458 quod
607 1405 690 1458 aequo
701 1388 759 1441 iure
769 1389 811 1442 uti
819 1407 873 1442 non
880 1399 977 1458 posset.
1012 1392 1079 1443 dunc
1091 1393 1174 1446 Anto-

128 1457 193 1508 nium
233 1458 314 1510 ellius
327 1464 351 1509 et
362 1456 489 1510 Lentulus
502 1473 621 1510 censores
632 1457 766 1523 smennio,
780 1475 831 1527 quo
842 1459 904 1510 liaeo
915 1459 1070 1526 dicerentur,
1084 1469 1175 1512 senatu

128 1534 268 1592 moverunt,
287 1541 434 1594 musasque
449 1525 669 1594 subscripserunt,
686 1526 756 1595 quod
765 1527 850 1579 socios
861 1527 1009 1608 diripuerit,
1021 1527 1093 1650 puori
1109 1528 1176 1580 iudi·

128 1595 189 1646 cium
200 1595 344 1660 recusarit,
360 1595 431 1663 quod
441 1602 551 1662 propter
563 1595 632 1647 aeris
644 1595 725 1647 alieni
734 1595 936 1663 mapnitudmem
951 1613 1021 1666 prae
1037 1597 1065 1649 ia
1076 1597 1175 1650 manci·

125 1663 200 1732 parit,
214 1663 338 1733 bonaque
349 1679 398 1716 sua
410 1662 437 1716 in
445 1671 573 1731 potestate
584 1680 638 1716 non
650 1663 760 1717 liaberet.

141 1751 168 1815 3.
189 1772 251 1816 neo
269 1774 306 1816 se
328 1750 395 1815 iem
412 1761 481 1814 tum
504 1751 657 1836 respexit,
677 1772 750 1816 oum
768 1750 964 1838 gravissimis
987 1754 1101 1820 vestris
1120 1753 1175 1819 de-

89 1836 166 1902 cretis
184 1837 304 1902 absens
322 1846 451 1901 notatus
470 1846 529 1902 est.

177 1941 297 1994 Catilina
309 1957 341 1993 ea
353 1949 483 2010 praetmo
494 1939 615 2006 Africam
628 1941 793 2012 provinciam
806 1941 913 1994 obtinuit
918 1961 928 2007 ;
952 1959 1031 2012 quam
1044 1959 1099 1994 cum
1111 1959 1175 2010 pra-

128 2010 187 2062 viter
202 2018 336 2076 ueuasset,
358 2009 438 2077 lepati
453 2008 518 2074 Afri
533 2009 666 2062 insonate
683 2010 735 2062 iam
753 2019 805 2062 tum
827 2011 992 2064 absentelllo
1009 2011 1093 2080 questi
1107 2019 1174 2076 sunt,

130 2079 272 2148 multaeque
283 2094 378 2147 pravos
388 2078 527 2130 sententiae
538 2079 566 2130 in
577 2087 668 2130 senatu
680 2079 711 2131 de
723 2096 752 2132 eo
764 2080 849 2132 dictae
859 2088 926 2132 sunt.

141 2172 170 2238 4.
191 2173 225 2237 iu
242 2172 372 2238 iudiciis
390 2184 510 2258 quante
531 2172 579 2238 vis
598 2183 691 2251 esset,
709 2174 829 2252 didicit,
847 2197 921 2240 cum
936 2186 982 2240 est
996 2177 1160 2242 absolutus
1166 2200 1176 2253 ;

91 2257 112 2321 si
126 2269 175 2323 uut
191 2259 275 2324 illud
292 2258 448 2324 iudicium
467 2270 520 2324 aut
538 2259 593 2324 illa
610 2259 769 2325 absolutio
786 2261 982 2326 nominanda
1000 2274 1058 2328 est.

177 2369 237 2413 ante
250 2377 351 2413 annum
365 2377 443 2430 quam
454 2359 516 2413 llaec
529 2361 687 2427 dicerentur,
702 2361 829 2427 Catilina,
843 2378 900 2414 cum
911 2363 1018 2415 redisset
1030 2379 1061 2414 ev
1072 2357 1176 2428 Africa,

133 2429 182 2480 Por
198 2437 263 2481 uoto
282 2438 306 2480 et
319 2427 394 2481 Cotta
406 2429 566 2495 consulibus,
584 2446 616 2482 ac
632 2438 721 2482 usatus
738 2438 775 2481 est
791 2431 992 2496 repetundarum
1009 2447 1027 2482 a
1039 2431 1071 2482 P.
1087 2431 1177 2482 Clodio

133 2446 300 2563 maiacense,
314 2499 361 2566 qui
371 2505 463 2566 postea
476 2498 593 2550 inimicus
634 2499 728 2550 'cerani
738 2496 795 2563 fuit.
831 2495 952 2562 defensus
964 2505 1001 2548 est
1016 2498 1138 2562 Catilina,
1151 2505 1179 2548 ut

132 2564 276 2618 Fenestella
292 2565 384 2631 tradit,
398 2565 466 2618 aM.
482 2565 617 2619 Cicerone:
651 2567 761 2632 andepo
772 2572 800 2615 ut
813 2563 971 2630 addubitem,
990 2565 1052 2616 lraec
1064 2563 1123 2630 ipsa
1137 2565 1179 2617 Ci-

134 2634 233 2686 ceronis
247 2635 335 2686 oratio
351 2633 429 2700 facit,
446 2635 557 2687 mamma
572 2583 649 2702 quod
656 2634 680 2685 is
691 2634 792 2684 nullam
804 2632 956 2684 mentionem
968 2633 1008 2684 rei
1017 2631 1103 2697 babet,
1122 2648 1179 2684 cum

130 2704 240 2768 potuerit
257 2701 381 2754 invidiam
396 2701 486 2768 facere
502 2704 665 2770 competitore⁸
685 2711 737 2754 tam
754 2701 864 2768 turpiter
880 2699 1003 2754 adversus
1020 2717 1049 2754 se
1065 2701 1180 2766 coeunti;

129 2771 284 2838 praesertim
301 2787 359 2822 cum
375 2771 485 2822 alterum
507 2771 698 2838 competitorem
717 2785 792 2820 suum
813 2769 954 2822 Antonium
974 2770 1002 2822 in
1023 2769 1111 2822 eadem
1130 2771 1179 2822 bac

133 2839 248 2892 oratione
259 2855 310 2890 sua
322 2839 472 2905 admoneat,
485 2855 532 2891 suo
545 2839 667 2909 beneficio
679 2853 737 2890 eum
749 2855 780 2890 ee
791 2838 881 2890 ultimo
894 2840 952 2890 loco
960 2846 1105 2907 praeturae
1117 2855 1180 2891 can·

133 2906 246 2960 ddutum
259 2907 295 2959 ad
306 2908 407 2960 tertium
417 2907 576 2975 pervenisse:

145 2991 174 3056 5.
195 2993 302 3058 nescis
325 3016 377 3058 me
395 3003 573 3078 praetorem
596 2988 735 3078 primum
754 3016 823 3059 esse
841 2993 979 3070 factum,
998 3004 1031 3058 te
1049 3014 1179 3058 conces-

91 3074 169 3141 sione
182 3079 429 3164 competitorum
442 3090 474 3144 et
488 3079 666 3144 conlatione
679 3079 894 3144 centuriarum
911 3089 942 3142 et
956 3099 1027 3142 meo
1041 3077 1179 3142 maxime

91 3159 236 3229 beneficio
256 3186 274 3228 e
292 3175 452 3250 postremo
470 3164 505 3228 in
522 3165 650 3230 tertium
667 3165 775 3229 locum
794 3186 864 3230 esse
882 3162 1082 3229 subiectum?

179 3267 231 3386 pai
240 3265 320 3334 ibitur
331 3266 445 3320 Antonio
457 3264 672 3336 suffrapationem
684 3283 759 3319 suam
773 3265 952 3334 imputandam
963 3273 1046 3331 putat,
1060 3265 1090 3332 is,
1104 3267 1129 3318 si
1138 3267 1180 3318 de·

136 3331 178 3400 sen
196 3333 257 3387 e'sset
271 3335 423 3401 Catilinam,
441 3343 518 3404 eaput
529 3337 585 3388 eius
597 3344 743 3405 protectum
755 3351 772 3387 a
784 3351 812 3387 se
823 3351 910 3387 nonne
922 3335 1078 3401 imputaret!
1112 3335 1182 3404 quod

137 3401 172 3454 ita
187 3418 243 3456 esse
260 3401 426 3470 manifestum
442 3412 479 3455 est
491 3421 522 3456 ea
538 3421 580 3469 eo,
597 3405 667 3474 quod
677 3404 763 3456 statim
775 3403 849 3468 dicit.-
871 3403 979 3463 Quintus
996 3402 1064 3456 enim
1075 3402 1181 3456 Mucius

136 3470 253 3524 tribunus
283 3473 301 3524 l.
313 3471 492 3536 intercedebat,
505 3489 538 3525 ne
550 3473 591 3524 len
603 3473 714 3524 ambitus
724 3469 854 3539 ferretum
865 3471 935 3540 quod
947 3470 1036 3537 facere
1046 3487 1096 3539 pro
1112 3471 1183 3525 Cati-

136 3539 191 3592 lina
202 3487 344 3599 videdbtur.
377 3541 445 3594 lasne
456 3540 574 3594 Mucium
589 3541 617 3592 in
632 3541 681 3593 lico
694 3539 811 3593 oratione
823 3540 961 3608 appellans
976 3540 1065 3593 Cicero
1081 3541 1119 3593 sic
1131 3540 1182 3592 ait:

149 3633 180 3699 6.
201 3645 234 3703 te
251 3646 369 3714 tumen,
389 3635 431 3718 Q.
449 3635 551 3713 Muci,
570 3647 635 3701 tem
652 3637 735 3702 maie
755 3636 795 3703 de
813 3635 932 3723 populo
950 3635 1097 3702 Romano
1116 3634 1182 3700 exi·

92 3718 214 3787 stimare
231 3723 364 3788 moleste
382 3721 465 3798 fero,
488 3722 544 3806 qui
561 3721 709 3788 hesterno
728 3722 779 3787 die
798 3744 849 3787 me
867 3744 936 3788 esse
955 3721 1089 3808 dignum
1107 3739 1182 3782 con-

92 3804 193 3871 sulatu
213 3807 365 3893 negabas.
410 3807 507 3892 quid?
532 3807 671 3895 populus
693 3807 859 3874 &manus
881 3807 986 3872 minus
1014 3807 1069 3870 dili
1093 3814 1182 3867 enter

93 3889 148 3954 sibi
166 3893 336 3960 constituet
353 3891 568 3972 defensorem,
591 3916 690 3978 quam
705 3905 741 3960 tu
759 3893 836 3960 tibi?
863 3916 936 3959 cum
954 3827 1092 3972 te(cum5
1106 3885 1183 3951 furti

93 3971 129 4039 L.
148 3973 289 4044 Calenus
313 3991 435 4065 ageret,
457 4003 509 4046 me
531 3980 730 4081 potissimum
754 3980 954 4046 fortunarum
981 3987 1184 4073 subrumpa-

94 4069 214 4129 trcnum
232 4086 302 4132 esse
320 4065 462 4131 voluisti:
490 4088 581 4132 curus
603 4075 638 4131 tu
656 4066 852 4152 praesidium
872 4064 905 4128 in
927 4073 983 4126 tua
1000 4070 1183 4143 turprssrma
